% Encoding: UTF-8

@String{ACM    = {ACM Press}}
@String{ACTA   = {Acta Informatica}}
@String{AW     = {Addison-Wesley}}
@String{BC     = {Benjamin/Cummings}}
@String{CACM   = {Comm.\ ACM}}
@String{CSP    = {Computer Science Press}}
@String{DC     = {Distributed Computing}}
@String{FAC    = {Formal Aspects of Computing}}
@String{GH     = {McGraw-Hill}}
@String{ICASAP = {Int.\ Conf.\ on Application Specific Array Processors}}
@String{ICPP   = {Int.\ Conf.\ on Parallel Processing}}
@String{ICSAP  = {Int.\ Conf.\ on Systolic Array Processors}}
@String{IEEECS = {IEEE Computer Society Press}}
@String{IPL    = {Information Processing Letters}}
@String{JACM   = {J.~ACM}}
@String{JPDC   = {J.~Parallel and Distributed Computing}}
@String{JVSP   = {J.~VLSI Signal Processing}}
@String{MIT    = {MIT Press}}
@String{NH     = {North-Holland}}
@String{PC     = {Parallel Computing}}
@String{PH     = {Prentice-Hall}}
@String{PHI    = {Prentice/Hall, Int.}}
@String{PP     = {Int.\ J.\ Parallel Programming}}
@String{PPoPP  = {Proc. Third {ACM} {SIGPLAN} Symp.\ on Principles \& Practice of Parallel Programming (PPoPP)}}
@String{SCP    = {Science of Computer Programming}}
@String{SV     = {Springer-Verlag}}
@String{TASSP  = {IEEE Trans.\ on Acoustics, Speech and Signal Processing}}
@String{TC     = {IEEE Trans.\ on Computers}}
@String{TCS    = {Theoretical Computer Science}}
@String{TOPLAS = {ACM Trans.\ on Programming Languages and Systems}}
@String{TPDS   = {IEEE Trans.\ on Parallel and Distributed Systems}}
@String{TSE    = {IEEE Trans.\ on Software Engineering}}
@String{WS     = {World Scientific}}

@Article{Hoa78,
  author  = {C. A. R. Hoare},
  title   = {Communicating Sequential Processes},
  journal = CACM,
  year    = {1978},
  volume  = {21},
  number  = {8},
  pages   = {\mbox{666--677}},
  month   = aug,
  note    = {SA 5400},
}

@Article{Hoa74,
  author  = {C. A. R. Hoare},
  title   = {Monitors: An Operating Systems Structuring Concept},
  journal = CACM,
  year    = {1974},
  volume  = {17},
  number  = {10},
  pages   = {\mbox{549--557}},
  month   = oct,
  note    = {Corrigendum: 18(2):95. SA 5400},
}

@Article{B-H75,
  author  = {P. Brinch-Hansen},
  title   = {The Programming Language {C}oncurrent {P}ascal},
  journal = TSE,
  year    = {1975},
  volume  = {\mbox{SE-1}},
  number  = {2},
  pages   = {\mbox{199--207}},
  month   = jun,
  note    = {SA 5600},
}

@Article{B-H78,
  author  = {P. Brinch-Hansen},
  title   = {Distributed Processes: A Concurrent Programming Concept},
  journal = CACM,
  year    = {1978},
  volume  = {21},
  number  = {10},
  pages   = {\mbox{934--941}},
  note    = {SA 3000},
  mothn   = {#nov#},
}

@Book{B-H77,
  title     = {The Architecture of Concurrent Programs},
  publisher = PH,
  year      = {1977},
  author    = {P. Brinch-Hansen},
  note      = {ST 230 B858 A6},
}

@Article{OwiGr76b,
  author  = {S. S. Owicki and D. Gries},
  title   = {Verifying Properties of Parallel Programs},
  journal = CACM,
  year    = {1976},
  volume  = {19},
  number  = {5},
  pages   = {\mbox{279--285}},
  month   = may,
  note    = {SA 3000},
}

@Article{OwiGr76a,
  author  = {S. S. Owicki and D. Gries},
  title   = {An Axiomatic Proof Technique for Parallel Programs},
  journal = ACTA,
  year    = {1976},
  volume  = {6},
  number  = {4},
  pages   = {\mbox{319--340}},
  note    = {SA 1220},
}

@TechReport{Len78,
  author      = {C. Lengauer},
  title       = {On the Axiomatic Verification of Concurrent Algorithms},
  institution = {Computer Systems Research Group, University of Toronto},
  year        = {1978},
  number      = {CSRG-94},
  month       = aug,
}

@Article{LevGr81,
  author  = {G. M. Levin and D. Gries},
  title   = {A Proof Technique for Communicating Sequential Processes},
  journal = ACTA,
  year    = {1981},
  volume  = {15},
  number  = {3},
  pages   = {\mbox{281--302}},
  note    = {SA 1220},
}

@Article{How76,
  author  = {J. H. Howard},
  title   = {Proving Monitors},
  journal = CACM,
  year    = {1975},
  volume  = {19},
  pages   = {\mbox{273--279}},
  month   = may,
  note    = {SA 3000},
  isuue   = {5},
}

@Article{Kee78,
  author  = {J. L. Keedy},
  title   = {On Structuring Operating Systems with Monitors},
  journal = {Australian Computer J.},
  year    = {1978},
  volume  = {10},
  month   = feb,
  isuue   = {1},
}

@Article{Bok87,
  author  = {S. H. Bokhari},
  title   = {Multiprocessing the Sieve of {E}ratosthenes},
  journal = {IEEE Computer},
  year    = {1987},
  volume  = {20},
  number  = {4},
  pages   = {\mbox{50--58}},
  month   = apr,
}

@Article{LenHe82,
  author  = {C.~Lengauer and E.~C.~R.~Hehner},
  title   = {A Methodology for Programming with Concurrency: An Informal Presentation},
  journal = SCP,
  year    = {1982},
  volume  = {2},
  number  = {1},
  pages   = {\mbox{1--18}},
  month   = oct,
  note    = {SA 7850},
}

@Article{Len82,
  author  = {Christian Lengauer},
  title   = {A Methodology for Programming with Concurrency: The Formalism},
  journal = SCP,
  year    = {1982},
  volume  = {2},
  number  = {1},
  pages   = {\mbox{19--52}},
  month   = oct,
  note    = {SA 7850},
}

@Article{BesLe89,
  author  = {E.~Best and C.~Lengauer},
  title   = {Semantic Independence},
  journal = SCP,
  year    = {1989},
  volume  = {13},
  number  = {1},
  pages   = {\mbox{23--50}},
  month   = dec,
  note    = {SA 7850},
}

@Article{LSB79,
  author  = {P. E. Lauer and M. W. Shields and E. Best},
  title   = {{COSY} -- A System Specification Language Based on Paths and Processes},
  journal = ACTA,
  year    = {1979},
  volume  = {12},
  number  = {2},
  pages   = {\mbox{109--158}},
  note    = {SA 1220},
}

@Book{JanLa92,
  title     = {Specification and Analysis of Concurrent Systems},
  publisher = SV,
  year      = {1992},
  author    = {R. Janicki and P. E. Lauer},
  series    = {EATCS Monographs on Theoretical Computer Science},
  note      = {ST 130 J33},
}

@Article{Ste91,
  author  = {B. {von Stengel}},
  title   = {An Algebraic Characterization of Semantic Independence},
  journal = IPL,
  year    = {1991},
  volume  = {39},
  pages   = {\mbox{291--296}},
  note    = {SA 5400},
}

@Book{Zima90,
  title     = {Supercompilers for Parallel and Vector Computers},
  publisher = {Addison-Wesley (ACM Press)},
  year      = {1990},
  author    = {H.~Zima and B.~Chapman},
  series    = {Frontier Series},
  note      = {ST 265 Z71},
}

@Book{Kri89,
  title     = {Parallel Processing -- Principles and Practice},
  publisher = AW,
  year      = {1989},
  author    = {E. V. Krishnamurthy},
  note      = {ST 170 K92},
}

@Book{Qui94,
  title     = {Parallel Computing -- Theory and Practice},
  publisher = GH,
  year      = {1994},
  author    = {M. J. Quinn},
  series    = {Series in Computer Science},
  note      = {ST 150 Q7 P2(2)},
}

@Book{AlmGo89,
  title     = {Highly Parallel Computing},
  publisher = BC,
  year      = {1989},
  author    = {G. S. Almasi and A. Gottlieb},
  note      = {ST 150 A446},
}

@Book{LewEl92,
  title     = {Introduction to Parallel Computing},
  publisher = PHI,
  year      = {1992},
  author    = {T. G. Lewis and H. {El-Rewini}},
  note      = {ST 150 L676},
}

@Book{Ben82,
  title     = {Principles of Concurrent Programming},
  publisher = PHI,
  year      = {1982},
  author    = {M. {Ben-Ari}},
  note      = {ST 267 B456},
}

@Book{And91,
  title     = {Concurrent Programming -- Principles and Practice},
  publisher = BC,
  year      = {1991},
  author    = {G. R. Andrews},
  note      = {ST 230 A566},
}

@Book{AptOl91,
  title     = {Verification of Sequential and Concurrent Programs},
  publisher = SV,
  year      = {1991},
  author    = {K. R. Apt und E.-R. Olderog},
  note      = {ST 230 A655},
}

@Book{ManPn92,
  title     = {The Temporal Logic of Reactive and Concurrent Systems $\bul$ Specification},
  publisher = SV,
  year      = {1992},
  author    = {Z. Manna and A. Pnueli},
  note      = {SK 130 M281--1},
}

@Book{JonGo88,
  title     = {Programming in {\sf occam 2}},
  publisher = PHI,
  year      = {1988},
  author    = {G. Jones and M. Goldsmith},
  series    = {Series in Computer Science},
  note      = {ST 260 O15 J7},
}

@Book{Bur88,
  title     = {Programming in {\sf occam 2}},
  publisher = AW,
  year      = {1988},
  author    = {A. Burns},
  note      = {ST 260 O15 B9},
}

@Book{Bar91,
  title     = {Programming in Ada},
  publisher = {Addison-Wesley},
  year      = {1991},
  author    = {J. G. P. Barnes},
  edition   = {3rd},
}

book{CarGe90,
AUTHOR="N. Carriero and D. Gelernter",
TITLE="How to Write Parallel Programs",
PUBLISHER=MIT,
YEAR="1990",
NOTE="ST 230 C316"
}

@Book{TreWi91,
  title     = {Past, Present, Parallel},
  publisher = SV,
  year      = {1991},
  editor    = {A. Trew and G. Wilson},
  note      = {ST 150 T817},
}

@Book{RDP92,
  title     = {Transputer -- {G}rundlagen, {P}rogrammierung und {A}nwendung},
  publisher = {H{\"u}thig},
  year      = {1992},
  author    = {R. R{\"o}ssler and D. Dietrich, and K.-F. Penning},
  note      = {ST 170 R718},
}

@Book{Akl89,
  title     = {The Design and Analysis of Parallel Algorithms},
  publisher = PH,
  year      = {1989},
  author    = {S. G. Akl},
  note      = {ST 230 A315},
}

@Book{Lei92,
  title     = {Introduction to Parallel Algorithms and Architectures: Arrays, Trees Hypercubes},
  publisher = {Morgan Kaufmann},
  year      = {1992},
  author    = {F. T. Leighton},
  note      = {ST 130 L529},
}

@Book{BHG87,
  title     = {Concurrency Control and Recovery in Database Systems},
  publisher = AW,
  year      = {1987},
  author    = {P. A. Bernstein and V. Hadzilacos and H. Goodman},
  note      = {ST 271 B351},
}

@Book{Pap86,
  title     = {The Theory of Database Concurrency Control},
  publisher = CSP,
  year      = {1986},
  author    = {C. Papadimitriou},
  note      = {ST 271 P213 T3},
}

@Book{Pet81,
  title     = {Petri Net Theory and the Modeling of Systems},
  publisher = PH,
  year      = {1981},
  author    = {J. L. Peterson},
  note      = {SK 970 P485},
}

@Book{Rei82,
  title     = {Petrinetze},
  publisher = {Springer-Verlag},
  year      = {1982},
  author    = {W. Reisig},
  series    = {Studienreihe Informatik},
  note      = {ST 130 R377(2)},
}

@Book{Mil89,
  title     = {Communication and Concurrency},
  publisher = PHI,
  year      = {1989},
  author    = {R. Milner},
  series    = {Series in Computer Science},
  note      = {ST 150 M659},
}

@Article{Mil93,
  author  = {R. Milner},
  title   = {Elements of Interaction},
  journal = CACM,
  year    = {1993},
  volume  = {36},
  number  = {1},
  pages   = {78--89},
  month   = jan,
  note    = {SA 3000},
}

@Book{Rea89,
  title     = {Elements of Functional Programming},
  publisher = {Addison-Wesley},
  year      = {1989},
  author    = {C. Reade},
  series    = {International Computer Science Series},
  note      = {ST 230 R285},
}

@Book{FieHa88,
  title     = {Functional Programming},
  publisher = {Addison-Wesley},
  year      = {1988},
  author    = {A. J. Field and P. G. Harrison},
  series    = {International Computer Science Series},
  note      = {ST 230 F453},
}

@Article{KieSi79,
  author  = {R. B. Kieburtz and A. Silberschatz},
  title   = {Comments on ``{C}ommunicating Sequential Processes''},
  journal = TOPLAS,
  year    = {1979},
  volume  = {1},
  number  = {2},
  pages   = {\mbox{218--225}},
  month   = oct,
  note    = {SA 2990},
}

@Article{Ber80,
  author  = {A. Bernstein},
  title   = {Output Guards and Nondeterminism in ``{C}ommunicating Sequential Processes''},
  journal = TOPLAS,
  year    = {1980},
  volume  = {2},
  number  = {2},
  pages   = {\mbox{234--238}},
  month   = apr,
  note    = {SA 2990},
}

@Article{HuaLe87,
  author  = {C.-H.~Huang and C.~Lengauer},
  title   = {The Derivation of Systolic Implementations of Programs},
  journal = ACTA,
  year    = {1987},
  volume  = {24},
  number  = {6},
  pages   = {\mbox{595--632}},
  month   = nov,
  note    = {SA 1220},
}

@InProceedings{Len93,
  author    = {Christian Lengauer},
  title     = {Loop Parallelization in the Polytope Model},
  booktitle = {CONCUR'93},
  year      = {1993},
  editor    = {E. Best},
  series    = {Lecture Notes in Computer Science 715},
  pages     = {\mbox{398--416}},
  publisher = {Springer-Verlag},
  note      = {SS 4800. (\"Uber World-Wide Web erh\"altlich.)},
}

@Article{HuaLe86,
  author  = {C.-H. Huang and C. Lengauer},
  title   = {The Automated Proof of a Trace Transformation for a Bitonic Sort},
  journal = TCS,
  year    = {1986},
  volume  = {46},
  number  = {\mbox{2--3}},
  pages   = {\mbox{261--284}},
  note    = {SA 8350},
}

@Book{AHU76,
  title     = {The Design and Analysis of Computer Algorithms},
  publisher = {Addison-Wesley},
  year      = {1976},
  author    = {A. V. Aho and J. E. Hopcroft and J. D. Ullman},
  series    = {Series in Computer Science and Information Processing},
  note      = {ST 130 A 286},
}

@Article{FelSh92,
  author  = {Y. Feldman and E. Shapiro},
  title   = {Spatial Machines: A More Realistic Approach to Parallel Computation},
  journal = CACM,
  year    = {1992},
  volume  = {35},
  number  = {10},
  pages   = {\mbox{60--73}},
  month   = oct,
  note    = {SA 3000},
}

@TechReport{Gla86,
  author      = {R. J. {van Glabbeek}},
  title       = {Notes on the Methodology of {CCS} and {CSP}},
  institution = {CWI, Amsterdam},
  year        = {1986},
  number      = {CS-R8624},
  month       = aug,
}

@Book{Sch86,
  title     = {Complexity and Structure},
  publisher = {Springer-Verlag},
  year      = {1986},
  author    = {U. Sch{\"o}ning},
  series    = {Lecture Notes in Computer Science 211},
  note      = {SS 4800},
}

@Book{Ban93,
  title     = {Loop Transformations for Restructuring Compilers: The Foundations},
  publisher = {Kluwer},
  year      = {1993},
  author    = {Utpal Banerjee},
  note      = {ST 265 B215},
}

@Book{Ban94,
  title     = {Loop Transformations for Restructuring Compilers: Loop Parallelization},
  publisher = {Kluwer},
  year      = {1994},
  author    = {Utpal Banerjee},
  note      = {ST 265 B215 L8},
}

@Book{Wol96,
  title     = {High Performance Compilers for Parallel Computing},
  publisher = AW,
  year      = {1996},
  author    = {M. Wolfe},
  note      = {ST 265 W855 H6},
}

@Article{FSW95,
  author  = {M. Fr{\"a}nzle and B. {von Stengel} and A. Wittm{\"u}ss},
  title   = {A Generalized Notion of Semantic Independence},
  journal = IPL,
  year    = {1995},
  volume  = {53},
  pages   = {\mbox{5--9}},
}

@InProceedings{LenGr95,
  author    = {C. Lengauer and M. Griebl},
  title     = {On the Parallelization of Loop Nests Containing {\sf while} Loops},
  booktitle = {Proc. 1st Aizu Int. Symp. on Parallel Algorithm/Architecture Synthesis (pAs'95)},
  year      = {1995},
  editor    = {N. N. Mirenkov and Q.-P. Gu and S. Peng and S. Sedukhin},
  pages     = {\mbox{10--18}},
  publisher = {IEEE Computer Society Press},
}

@InCollection{HerLe95,
  author    = {C. Herrmann and C. Lengauer},
  title     = {Notes on the Space-Time Mapping of Divide-and-Conquer Recursions},
  booktitle = {Proc. GI/ITG FG PARS 95},
  publisher = {Gesellschaft f{\"u}r Informatik e.V.},
  year      = {1995},
  series    = {PARS Mitteilungen Nr.14},
  pages     = {\mbox{132--139}},
}

@Book{Gri81,
  title     = {The Science of Programming},
  publisher = {Springer-Verlag},
  year      = {1981},
  author    = {D.~Gries},
  series    = {Texts and Monographs in Computer Science},
}

@Article{Hoa69,
  author  = {C. A. R. Hoare},
  title   = {An Axiomatic Basis for Computer Programming},
  journal = CACM,
  year    = {1969},
  volume  = {12},
  number  = {10},
  pages   = {\mbox{576--580}, 583},
  month   = oct,
}

@Comment{jabref-meta: databaseType:bibtex;}
