% Encoding: UTF-8

@String{ACM    = {ACM Press}}
@String{ACTA   = {Acta Informatica}}
@String{AW     = {Addison-Wesley}}
@String{BC     = {Benjamin/Cummings}}
@String{CACM   = {Comm.\ ACM}}
@String{CSP    = {Computer Science Press}}
@String{DC     = {Distributed Computing}}
@String{FAC    = {Formal Aspects of Computing}}
@String{GH     = {McGraw-Hill}}
@String{ICASAP = {Proc.\ Int.\ Conf.\ on Application Specific Array Processors}}
@String{ICSAP  = {Proc.\ Int.\ Conf.\ on Systolic Array Processors}}
@String{IEEECS = {IEEE Computer Society Press}}
@String{IPL    = {Information Processing Letters}}
@String{JACM   = {J.~ACM}}
@String{JPDC   = {J.~Parallel and Distributed Computing}}
@String{JVSP   = {J.~VLSI Signal Processing}}
@String{LNCS   = {LNCS}}
@String{MIT    = {MIT Press}}
@String{NH     = {North-Holland}}
@String{PC     = {Parallel Computing}}
@String{PH     = {Prentice-Hall}}
@String{PHI    = {Prentice/Hall, Int.}}
@String{PP     = {Int.\ J.\ Parallel Programming}}
@String{PPL    = {Parallel Processing Letters}}
@String{PPoPP  = {Proc.\ Third {ACM} {SIGPLAN} Symp.\ on Principles \& Practice of Parallel Programming (PPoPP)}}
@String{SCP    = {Science of Computer Programming}}
@String{SV     = {Springer-Verlag}}
@String{TASSP  = {IEEE Trans.\ on Acoustics, Speech and Signal Processing}}
@String{TC     = {IEEE Trans.\ on Computers}}
@String{TCS    = {Theoretical Computer Science}}
@String{TEC    = {IEEE Trans.\ on Electronic Computers}}
@String{TOPLAS = {ACM Trans.\ on Programming Languages and Systems}}
@String{TPDS   = {IEEE Trans.\ on Parallel and Distributed Systems}}
@String{TSE    = {IEEE Trans.\ on Software Engineering}}
@String{WS     = {World Scientific}}

@InProceedings{Fea98,
  author   = {Paul Feautrier},
  title    = {A Parallelization Framework for Recursive Tree Programs},
  pages    = {470--479},
  crossref = {Euro-Par'98},
}

@InProceedings{LimLam97,
  author    = {Amy W. Lim and Monica S. Lam},
  title     = {Maximizing Parallelism and Minimizing Synchronization with Affine Transforms},
  booktitle = {Proc.\ 24th Ann. ACM Symp.\ on Principles of Programming Languages (POPL'97)},
  year      = {1997},
  pages     = {201--214},
  publisher = {ACM Press},
  crossref  = {popl97},
}

@InProceedings{FADA,
  crossref = {CBF95},
}

@InProceedings{BBCR98,
  author   = {Thomas Brandes and Fr{\'e}d{\'e}ric Bregier and Mare-Christine Counilh and Jean Roman},
  title    = {{Contribution to Better Handling of Irregular Problems in HPF2}},
  pages    = {639--649},
  crossref = {Euro-Par'98},
}

@InProceedings{BG97,
  author   = {Thomas Brandes and C{\'e}cile Germain-Renaud},
  title    = {{A Tracing Protocol for Optimizing Data Parallel Irregular Computations}},
  pages    = {629--638},
  crossref = {Euro-Par'98},
}

@InProceedings{CC98,
  author   = {Albert Cohen and Jean-Fran{\c c}ois Collard},
  title    = {Instance-wise Reaching Definition Analysis for Recursive Programs using Context-free Transductions},
  pages    = {332--339},
  crossref = {PACT98},
}

% als ARY98 in systol.bib
% INPROCEEDINGS{AnRaYa98,
%        AUTHOR={Ruman Andonov and Sanjay Rajopadhye and Nicola Yanev},
%        TITLE="{Optimal Orthogonal Tiling}",
%  pages =        "480--490",
%  crossref = {Euro-Par'98}
		  }

@InBook{Kleene,
  chapter  = {4.4},
  crossref = {FlBei94},
}

@InProceedings{ColGr99,
  author   = {Jean-Fran\c{c}ois Collard and Martin Griebl},
  title    = {A Precise Fixpoint Reaching Definition Analysis for Arrays},
  pages    = {286--302},
  crossref = {LCPC99},
}

@InProceedings{SonLi99,
  author   = {Yonghong Song and Zhiyuan Li},
  title    = {A Compiler Framework for Tiling Imperfectly-Nested Loops},
  pages    = {185--200},
  crossref = {LCPC99},
}

@InProceedings{CaRoPaRe99,
  author   = {Calin Cascaval and Daniel A. Reed and David A. Padua and Luiz Derose},
  title    = {Compile-time Based Performance Prediction},
  pages    = {365--379},
  crossref = {LCPC99},
}

@InProceedings{ABRY01,
  author   = {Rumen Andonov and Stefan Balev and Sanjay Rajopadhye and Nicola Yanev},
  title    = {Optimal Semi-Oblique Tiling},
  pages    = {153--162},
  note     = {Extended version available as technical report: IRISA, nr. 1392, dec. 2001},
  crossref = {SPAA01},
}

@InProceedings{FabGriLen03,
  author   = {Peter Faber and Martin Griebl and Christian Lengauer},
  title    = {Replicated Placements in the Polyhedron Model},
  pages    = {303--308},
  crossref = {Euro-Par'03},
}

@InProceedings{DRV01,
  author          = {Alain Darte and Yves Robert and Fr{\'e}d{\'e}ric Vivien},
  title           = {Chapter 5. {L}oop {P}arallelization {A}lgorithms},
  pages           = {141--171},
  acknowledgement = {#ack-nhfb#},
  crossref        = {cosps01},
  url             = {http://link.springer-ny.com/link/service/series/0558/bibs/1808/18080141.htm;
                 http://link.springer-ny.com/link/service/series/0558/papers/1808/18080141.pdf},
}

@InProceedings{DDGV00,
  author          = {Alain Darte and Claude Diderich and Marc Gengler and Fr{\'e}d{\'e}ric Vivien},
  title           = {Scheduling the Computations of a Loop Nest with Respect to a Given Mapping},
  pages           = {405--414},
  acknowledgement = {#ack-nhfb#},
  crossref        = {Euro-Par'00},
  url             = {http://link.springer-ny.com/link/service/series/0558/bibs/1900/19000405.htm;
                 http://link.springer-ny.com/link/service/series/0558/papers/1900/19000405.pdf},
}

@InProceedings{Krall98,
  author   = {Andreas Krall},
  title    = {Efficient {J}ava{VM} Just-in-Time Compilation},
  pages    = {205--212},
  crossref = {PACT98},
}

@Article{Mart85,
  author  = {Alain Martin},
  title   = {The Probe: An Addition to Communication Primitives},
  journal = IPL,
  year    = {1985},
  volume  = {20},
  number  = {3},
  pages   = {125--130},
}

@Manual{parix,
  title        = {PARIX 1.2 Reference Manual},
  organization = {Parsytec},
  month        = mar,
  year         = {1993},
}

@InProceedings{WuLe90,
  author    = {Youfeng Wu and Ted G. Lewis},
  title     = {Parallelizing While Loops},
  booktitle = {Proc.\ Int.\ Conf.\ on Parallel Processing (ICPP'90), Vol.~II: Software},
  year      = {1990},
  editor    = {David A. Padua},
  pages     = {1--8},
  publisher = {Pennsylvania State University Press},
}

@Article{TLS91,
  author  = {Parthasarathy P. Tirumalai and Meng Lee and Michael S. Schlansker},
  title   = {Parallelization of WHILE Loops on Pipelined Architectures},
  journal = JS,
  year    = {1991},
  volume  = {5},
  pages   = {119--136},
}

@InProceedings{Col93b,
  author      = {Jean-Fran\c{c}ois Collard and Paul Feautrier},
  title       = {Automatic Generation of Data Parallel Code},
  booktitle   = {Proc.\ of the Fourth International Workshop on Compilers for Parallel Computers},
  year        = {1993},
  editor      = {H.J. Sips},
  pages       = {321--332},
  month       = Dec,
  publisher   = {TU Delft},
  confaddress = {Delft, The Netherlands},
}

@TechReport{Bouclettes,
  author      = {Pierre Boulet and Mich{{\`e}}le Dijon and {{\'E}}ric Lequiniou and Tanguy Risset},
  title       = {Reference Manual of the {B}ouclettes Parallelizer},
  institution = {Laboratoire de l'Informatique du Parall\'{e}lisme, Ecole Normale Sup{\'e}rieure de Lyon},
  year        = {1994},
  number      = {94-04},
  month       = oct,
}

@TechReport{Boulet95,
  author      = {Pierre Boulet},
  title       = {The {Bouclettes} Loop Parallelizer},
  institution = {Laboratoire de l'Informatique du Parall\'{e}lisme, Ecole Normale Sup{\'e}rieure de Lyon},
  year        = {1995},
  number      = {95-40},
  month       = nov,
}

@TechReport{BouletDion95,
  author      = {Pierre Boulet},
  title       = {Code Generation in {Bouclettes}},
  institution = {Laboratoire de l'Informatique du Parall\'{e}lisme, Ecole Normale Sup{\'e}rieure de Lyon},
  year        = {1995},
  number      = {95-43},
  month       = nov,
}

@Manual{Tiny2,
  title        = {{TINY}, a Loop Restructuring Research Tool},
  author       = {Michael Wolfe},
  organization = {Oregon Graduate Institute of Science and Technology},
  month        = dec,
  year         = {1990},
}

@InCollection{RWF91,
  author    = {M.~Raji-Werth and P.~Feautrier},
  title     = {On parallel program generation for massively parallel architectures},
  booktitle = {High Performance Computing II},
  publisher = {North-Holland},
  year      = {1991},
  editor    = {M.~Durand and F.~El~Dabaghi},
}

@Article{Fea94,
  author  = {Paul Feautrier},
  title   = {Toward Automatic Distribution},
  journal = PPL,
  year    = {1994},
  volume  = {4},
  number  = {3},
  pages   = {233--244},
}

@TechReport{KePuRo94,
  author      = {Wayne Kelly and William Pugh and Evan Rosser},
  title       = {Code Generation for Multiple Mappings},
  institution = {Department of Computer Science, Univ. of Maryland},
  year        = {1994},
  number      = {CS-TR-3317},
}

@InProceedings{Tiny,
  author    = {Michael Wolfe},
  title     = {The {T}iny Loop Restructuring Research Tool},
  booktitle = {Proc.\ Int.\ Conf.\ on Parallel Processing (ICPP'91), Vol.~II: Software},
  year      = {1991},
  editor    = {Herbert D. Schwetman},
  pages     = {46--53},
  publisher = {CRC Press},
}

@Misc{LooPoWeb,
  author       = {{Lehrstuhl f{\"u}r Programmierung, Universit{\"a}t Passau}},
  title        = {The Polyhedral Loop Parallelizer: {L}oo{P}o},
  howpublished = {\textsf{http://www.fmi.uni-passau.de/loopo/}},
  key          = {LooPo},
}

@Article{FLVG95,
  author  = {A. Fern{\'a}ndez and J. Llaber{\'i}a and M. Valero-Garc{\'i}a},
  title   = {Loop Transformation Using Nonunimodular Matrices},
  journal = TPDS,
  year    = {1995},
  volume  = {6},
  number  = {8},
  pages   = {832--840},
  month   = aug,
}

@Article{Pugh95a,
  author  = {William Pugh},
  title   = {A Practical Algorithm for Exact Array Dependence Analysis},
  journal = CACM,
  year    = {1992},
  volume  = {35},
  number  = {8},
  pages   = {102--114},
  month   = aug,
}

@Article{Omega2,
  author  = {William Pugh},
  title   = {The {O}mega Test: a Fast and Practical Integer Programming Algorithm for Dependence Analysis},
  journal = CACM,
  year    = {1992},
  volume  = {35},
  number  = {8},
  pages   = {102--114},
  month   = aug,
}

@InCollection{MaPu94a,
  author    = {Vadim Maslov and William Pugh},
  title     = {Symplifying Polynomial Constraints Over Integers to Make Dependence Analysis More Precise},
  booktitle = {Parallel Processing: CONPAR 94 -- VAPP VI},
  publisher = {Springer-Verlag},
  year      = {1994},
  editor    = {Bruno Buchberger and Jens Volkert},
  series    = LNCS #{ 854},
  pages     = {737--748},
}

@Article{Ber66,
  author  = {A.~Bernstein},
  title   = {Analysis of Programs for Parallel Processing},
  journal = TEC,
  year    = {1966},
  volume  = {EC-15},
  number  = {5},
  pages   = {757--763},
  month   = oct,
}

@Misc{PAF,
  author       = {{PRiSM SCPDP Team}},
  title        = {Systematic construction of parallel and distributed programs},
  howpublished = {\textsf{http://www.prism.uvsq.fr/english/parallel/paf/autom\_us.html}},
}

@Article{Omega,
  author      = {William Pugh and Dave Wonnacott},
  title       = {Eliminating False Data Dependences using the {O}mega Test},
  journal     = {ACM SIGPLAN Notices},
  year        = {1992},
  volume      = {27},
  number      = {7},
  pages       = {140--151},
  month       = jul,
  note        = {{\it Proc.\ {ACM} {SIGPLAN} Conf.\ on Programming Language Design and Implementation (PLDI'92)}},
  confaddress = {San Francisco, California},
  publisher   = {ACM Press},
  url         = {ftp://ftp.cs.umd.edu/pub/papers/papers/3191/3191.ps.Z (CS-TR-3191)},
}

@TechReport{PuWo92a,
  author      = {William Pugh and Dave Wonnacott},
  title       = {Going Beyond Integer Programming with the {O}mega Test to Eliminate False Data Dependences},
  institution = {Department of Computer Science, University of Maryland, College Park},
  year        = {1992},
  number      = {CS-TR-3191},
  month       = dec,
  url         = {ftp://ftp.cs.umd.edu/pub/papers/papers/3191/3191.ps.Z (CS-TR-3191)},
}

@MastersThesis{Geigl97,
  author = {Max Geigl},
  title  = {Parallelization of Loop Nests with General Bounds in the Polyhedron Model},
  school = {Fakult{\"a}t f{\"u}r Mathematik und Informatik, Universit{\"a}t Passau},
  year   = {1997},
  month  = mar,
  note   = {\textsf{http://www.fmi.uni-passau.de/loopo/doc/geigl-d.ps.gz}},
}

@MastersThesis{Schumergruber97,
  author = {Martina Schumergruber},
  title  = {Partitionierung von parallelen {S}chleifens{\"a}tzen},
  school = {Fakult{\"a}t f{\"u}r Mathematik und Informatik, Universit{\"a}t Passau},
  year   = {1997},
  month  = sep,
  note   = {\textsf{http://www.fmi.uni-passau.de/loopo/doc/schumergruber-d.ps.gz}},
}

@MastersThesis{Keimer97,
  author = {Harald Keimer},
  title  = {Datenabh{\"a}ngigkeitsanalyse zur {S}chleifenparallelisierung: {V}ergleich und {E}rweiterung zweier {A}ns{\"a}tze},
  school = {Fakult{\"a}t f{\"u}r Mathematik und Informatik, Universit{\"a}t Passau},
  year   = {1997},
  month  = jan,
  note   = {\textsf{http://www.fmi.uni-passau.de/loopo/doc/keimer-d.ps.gz}},
}

@MastersThesis{Faber97,
  author = {Peter Faber},
  title  = {Transformation von {S}hared-{M}emory-{P}rogrammen zu {D}istributed-{M}emory-{P}rogrammen},
  school = {Fakult{\"a}t f{\"u}r Mathematik und Informatik, Universit{\"a}t Passau},
  year   = {1997},
  month  = nov,
  note   = {\textsf{http://www.fmi.uni-passau.de/loopo/doc/faber-d.ps.gz}},
}

@MastersThesis{Koebler95,
  author = {Klaus K{\"o}bler},
  title  = {Theoretischer und praktischer {V}ergleich von {A}lgorithmen zur {L}{\"o}sung von {U}ngleichungssystemen},
  school = {Fakult{\"a}t f{\"u}r Mathematik und Informatik, Universit{\"a}t Passau},
  year   = {1995},
  month  = oct,
}

@MastersThesis{Wetzel95,
  author = {Sabine Wetzel},
  title  = {Automatic Code Generation in the Polytope Model},
  school = {Fakult{\"a}t f{\"u}r Mathematik und Informatik, Universit{\"a}t Passau},
  year   = {1995},
  month  = nov,
  note   = {\textsf{http://www.fmi.uni-passau.de/loopo/doc/wetzel-d.ps.gz}},
}

@MastersThesis{Wieninger95,
  author  = {Christian Wieninger},
  title   = {Automatische {M}ethoden zur {P}arallelisierung im {P}olyedermodell},
  school  = {Fakult{\"a}t f{\"u}r Mathematik und Informatik, Universit{\"a}t Passau},
  year    = {1995},
  month   = May,
  note    = {\textsf{http://www.fmi.uni-passau.de/loopo/doc/wieninger-d.ps.gz}},
  noteold = {\htmladdnormallink{\sf http://www.uni-passau.de/loopo/doc/wieninger-d.ps.gz}{http://www.uni-passau.de/loopo/doc/wieninger-d.ps.gz}},
}

@MastersThesis{Kubias96,
  author = {Radko Kubias},
  title  = {Array {D}atenflu{\ss}analyse und {Single-Assignment-Konversion}},
  school = {Fakult{\"a}t f{\"u}r Mathematik und Informatik, Universit{\"a}t Passau},
  year   = {1996},
  month  = sep,
  note   = {\textsf{http://www.fmi.uni-passau.de/loopo/doc/kubias-d.ps.gz}},
}

@MastersThesis{Meisl96,
  author = {Wolfgang Meisl},
  title  = {Practical Methods for Scheduling and Allocation in the Polytope Model},
  school = {Fakult{\"a}t f{\"u}r Mathematik und Informatik, Universit{\"a}t Passau},
  year   = {1996},
  month  = sep,
  note   = {\textsf{http://www.fmi.uni-passau.de/loopo/doc/meisl-d.ps.gz}},
}

@MastersThesis{Wuest97,
  author = {Alexander W{\"u}st},
  title  = {Grafische Darstellung des Indexraums von Anweisungen in Schleifenprogrammen},
  school = {Fakult{\"a}t f{\"u}r Mathematik und Informatik, Universit{\"a}t Passau},
  year   = {1997},
  month  = mar,
  note   = {\textsf{http://www.fmi.uni-passau.de/loopo/doc/wuest-d.ps.gz}},
}

@MastersThesis{Lehner99,
  author = {Bernhard Lehner},
  title  = {Index Set Splitting Based on the Polytope Model},
  school = {Fakult{\"a}t f{\"u}r Mathematik und Informatik, Universit{\"a}t Passau},
  year   = {1999},
  month  = Feb,
}

@MastersThesis{Nyderle00,
  author = {Oliver Nyderle},
  title  = {Verfahren zur {A}ufz�hlung von {P}olyedern in der {S}chleifenparallelisierung},
  school = {Fakult{\"a}t f{\"u}r Mathematik und Informatik, Universit{\"a}t Passau},
  year   = {2000},
  note   = {To appear.},
}

@MastersThesis{Eckart00,
  author = {Babette Eckart},
  title  = {Kontrollflu�basierte {A}rray-{A}bh�ngigkeitsanalyse in {S}cheifenprogrammen},
  school = {Fakult{\"a}t f{\"u}r Mathematik und Informatik, Universit{\"a}t Passau},
  year   = {2000},
  note   = {To appear.},
}

@MastersThesis{Anders00,
  author = {Sven Anders},
  title  = {Analyse und {O}ptimierung des {K}ommunikationsaufwands in automatisch parallelisierten {P}rogrammen},
  school = {Fakult{\"a}t f{\"u}r Mathematik und Informatik, Universit{\"a}t Passau},
  year   = {2000},
  note   = {To appear.},
}

@MastersThesis{WolfA00,
  author = {Andreas Wolf},
  title  = {Parallele {S}chleifenprogramme in {J}ava},
  school = {Fakult{\"a}t f{\"u}r Mathematik und Informatik, Universit{\"a}t Passau},
  year   = {2000},
  month  = apr,
}

@MastersThesis{Ellmenreich97,
  author = {Nils Ellmenreich},
  title  = {Schleifenparallelisierung in {H}askell},
  school = {Fakult{\"a}t f{\"u}r Mathematik und Informatik, Universit{\"a}t Passau},
  year   = {1997},
}

@InProceedings{DaVi96,
  author      = {Alain Darte and Fr{\'e}d{\'e}ric Vivien},
  title       = {Optimal fine and medium grain parallelism detection in polyhedral reduced dependence graphs},
  booktitle   = {Proc.\ Int.\ Conf.\ on Parallel Architectures and Compilation Techniques (PACT'96)},
  year        = {1996},
  pages       = {281--291},
  month       = oct,
  publisher   = IEEECS,
  confaddress = {Boston, Massachusetts},
  signature   = {80/SS 1996 B747 P2},
}

@Article{DarViv97,
  author  = {Alain Darte and Fr{\'e}d{\'e}ric Vivien},
  title   = {Optimal Fine and Medium Grain Parallelism Detection in Polyhedral Reduced Dependence Graphs},
  journal = IJPP,
  year    = {1997},
  volume  = {25},
  number  = {6},
  pages   = {447--496},
  month   = dec,
}

@Article{DaRo95,
  author  = {Alain Darte and Yves Robert},
  title   = {Affine-by-Statement Scheduling of Uniform and Affine Loop Nests over Parametric Domains},
  journal = JPDC,
  year    = {1995},
  volume  = {29},
  number  = {1},
  pages   = {43--59},
  month   = aug,
}

@Article{DaRo94,
  author  = {Alain Darte and Yves Robert},
  title   = {Mapping uniform loop nests onto distributed memory architectures},
  journal = PC,
  year    = {1994},
  volume  = {20},
  number  = {5},
  pages   = {679--710},
  month   = may,
}

@Manual{hyperc,
  title        = {Hyper C Documentation},
  organization = {Hyperparallel Technologies},
  address      = {Ecole Polytechnique Projet X-P{\^o}le 91128 Palaiseau Cedex France},
  month        = jun,
  year         = {1993},
}

@Article{Catt94a,
  author  = {F. Balasa and F. Franssen and F. Catthoor and H. De Man},
  title   = {Transformation of Nested Loops with Modulo Indexing Affine Recurrences},
  journal = PPL,
  year    = {1994},
  volume  = {4},
  number  = {3},
  pages   = {271--280},
  month   = sep,
}

@PhdThesis{Collard95,
  author = {Jean-Fran{\c c}ois Collard},
  title  = {Parall{\'e}lisation automatique des programmes {\`a} contr{\^o}le dynamique},
  school = {Universit{\'e} Paris VI},
  year   = {1995},
}

@Article{HPW92,
  author  = {P.~Hudak and S.~{Peyton Jones} and P.~{Wadler, editors}},
  title   = {Report on the programming language {H}askell ({V}ersion 1.2)},
  journal = SIGPLAN,
  year    = {1992},
  volume  = {27},
  number  = {5},
  month   = may,
}

@InProceedings{Lis96,
  author      = {Bj{{\"o}}rn Lisper},
  title       = {Data Parallelism and Functional Programming},
  booktitle   = {The Data Parallel Programming Model: Foundations, {H}{P}{F} Realization, and Scientific Applications},
  year        = {1996},
  editor      = {Guy-Ren{{\'e}} Perrin and Alain Darte},
  series      = LNCS #{ 1132},
  pages       = {220--251},
  month       = mar,
  publisher   = SV,
  confaddress = {Les M{\'e}nuires, France},
}

@InProceedings{LisCo94,
  author    = {Bj{{\"o}}rn Lisper and Jean-Fran\c{c}ois Collard},
  title     = {Extent analysis of data fields},
  booktitle = {Static Analysis (SAS'94)},
  year      = {1994},
  editor    = {Baudouin {Le Charlier}},
  series    = LNCS #{ 864},
  pages     = {208--222},
  publisher = SV,
}

@InProceedings{HamLis93,
  author    = {Per Hammarlund and Bj{{\"o}}rn Lisper},
  title     = {On the Relation Between Functional and Data Parallel Programming Languages},
  booktitle = {Proc.\ Sixth Conference on Functional Programming Languages and Computer Architecture},
  year      = {1993},
  pages     = {210--222},
  publisher = {ACM Press},
}

@InProceedings{DaVi96b,
  author    = {Alain Darte and Fr{{\'e}}d{{\'e}}ric Vivien},
  title     = {On the Optimality of {A}llen and {K}ennedy's Algorithm for Parallelism Extraction in Nested Loops},
  booktitle = {{Euro-Par'96}: Parallel Processing, Vol.~I},
  year      = {1996},
  editor    = {Luc Boug{\'e} and Pierre Fraigniaud and Anne Mignotte and Yves Robert},
  series    = LNCS #{ 1123},
  pages     = {379--388},
  publisher = SV,
}

@InProceedings{ColGr96,
  author    = {Jean-Fran\c{c}ois Collard and Martin Griebl},
  title     = {Array Dataflow Analysis for Explicitly Parallel Programs},
  booktitle = {{Euro-Par'96}: Parallel Processing, Vol.~I},
  year      = {1996},
  editor    = {Luc Boug{\'e} and Pierre Fraigniaud and Anne Mignotte and Yves Robert},
  series    = LNCS #{ 1123},
  pages     = {406--413},
  publisher = SV,
}

@InProceedings{CoCoGr97did-not-appear-now-CCG96b-oder-c,
  author    = {Albert Cohen and Jean-Fran\c{c}ois Collard and Martin Griebl},
  title     = {Data Flow Analysis of Recursive Structures},
  booktitle = {STACS'97},
  year      = {1997},
  editor    = {M. Morvan and R. Reischuk},
  series    = LNCS,
  publisher = SV,
  note      = {not accepted},
}

@TechReport{CCG96a,
  author      = {Albert Cohen and Jean-Fran\c{c}ois Collard and Martin Griebl},
  title       = {Array Data-flow Analysis for Imperative Recursive Programs},
  institution = {PRiSM},
  year        = {1996},
  number      = {96-035},
  month       = dec,
  noaddress   = {\textsf{http://www.prism.uvsq.fr}},
  url         = {ftp://www.prism.uvsq.fr/pub/reports/1996/1996.035.ps.gz},
}

@TechReport{CCG96c,
  author      = {Albert Cohen and Jean-Fran\c{c}ois Collard and Martin Griebl},
  title       = {Data Flow Analysis of Recursive Structures},
  institution = {PRiSM},
  year        = {1996},
  number      = {96-018},
  noaddress   = {\textsf{http://www.prism.uvsq.fr}},
  url         = {ftp://www.prism.uvsq.fr/pub/reports/1996/1996.018.ps.gz},
}

@InProceedings{CCG96b,
  author    = {Albert Cohen and Jean-Fran\c{c}ois Collard and Martin Griebl},
  title     = {Data Flow Analysis of Recursive Structures},
  booktitle = {Proc.\ Sixth Workshop on Compilers for Parallel Computers (CPC'96)},
  year      = {1996},
  editor    = {Michael Gerndt},
  series    = {Konferenzen des Forschungszentrums J{\"u}lich 21},
  pages     = {181--192},
  publisher = {Forschungszentrum J{\"u}lich},
  url       = {http://www.prism.uvsq.fr/\home
		  acohen/publications/cpc96.ps.gz},
}

@InProceedings{Coh97,
  author      = {Albert Cohen},
  title       = {Analyse de flot de donn{\'e}es de programmes r{\'e}cursifs {\`a} l'aide de grammaires hors-contexte},
  booktitle   = {Proceedings of Actes des 9es Rencontres Francophones du Parall{\'e}lisme (RenPar'9)},
  year        = {1997},
  month       = may,
  confaddress = {Lausanne, Switzerland},
  url         = {http://www.prism.uvsq.fr/\home
		  acohen/publications/renpar9.ps.gz},
}

@Article{Coh97a,
  author = {Albert Cohen},
  title  = {Analyse de flot de donn{\'e}es pour programmes r{\'e}cursifs {\`a} l'aide de langages alg{\'e}briques},
  note   = {Submitted},
  url    = {http://www.prism.uvsq.fr/\home acohen/publications/autopile.ps.gz},
}

@TechReport{CoCo96,
  author      = {Albert Cohen and Jean-Fran\c{c}ois Collard},
  title       = {Fuzzy Array Data-flow Analysis, {P}art {II}: Recursive Programs},
  institution = {PRiSM},
  year        = {1996},
  number      = {96-036},
  noaddress   = {\textsf{http://www.prism.uvsq.fr}},
  url         = {ftp://www.prism.uvsq.fr/pub/reports/1996/1996.036.ps.gz},
}

@TechReport{CoCo98,
  author      = {Albert Cohen and Jean-Fran\c{c}ois Collard},
  title       = {Applicability of Algebraic Transductions to Data-Flow Analysis},
  institution = {PRiSM},
  year        = {1998},
  number      = {98-002},
  noaddress   = {\textsf{http://www.prism.uvsq.fr}},
  url         = {ftp://www.prism.uvsq.fr/pub/reports/1998/1998.002.ps.gz},
}

@Article{Jem95,
  author  = {Zaher Mahjoub and Mohamed Jemni},
  title   = {Restructuring and parallelizing a static conditional loop},
  journal = PC,
  year    = {1995},
  volume  = {21},
  number  = {2},
  pages   = {339--347},
  month   = feb,
}

@Article{Jem96,
  author  = {Zaher Mahjoub and Mohamed Jemni},
  title   = {On the parallelization of single dynamic conditional loops},
  journal = {Simulation Practice and Theory},
  year    = {1996},
  volume  = {4},
  pages   = {141--154},
}

@TechReport{KelPugRosShp94TCIGA,
  author      = {Wayne Kelly and William Pugh and Evan Rosser and Tatiana Shpeisman},
  title       = {Transitive Closure of Infinite Graphs and its Applications},
  institution = {University of Maryland, College Park},
  year        = {1994},
  number      = {CS-TR-3457},
  month       = apr,
}

@Article{KelPugRosShp96TCIGA,
  author  = {Wayne Kelly and William Pugh and Evan Rosser and Tatiana Shpeisman},
  title   = {Transitive Closure of Infinite Graphs and its Applications},
  journal = IJPP,
  year    = {1996},
  volume  = {24},
  number  = {6},
  pages   = {579--598},
  month   = dec,
}

@InProceedings{Pug91,
  author       = {William Pugh},
  title        = {Uniform Techniques for Loop Optimization},
  booktitle    = {Proc.\ Int.\ Conf.\ on Supercomputing (ICS'91)},
  year         = {1991},
  pages        = {341--352},
  month        = jun #{ 17--21,},
  organization = {ACM SIGARCH},
  publisher    = {ACM Press},
  confaddress  = {Cologne, Germany},
}

@Article{Xue96,
  author             = {Jingling Xue},
  title              = {Transformations of nested loops with non-convex iteration spaces},
  journal            = {Parallel Computing},
  year               = {1996},
  volume             = {22},
  number             = {3},
  pages              = {339--368},
  month              = mar,
  issn               = {0167-8191},
  acknowledgement    = {#ack-nhfb#},
  affiliation        = {Univ of New England},
  affiliationaddress = {Armidale, Aust},
  bibdate            = {Tue Oct 21 16:34:05 MDT 1997},
  classification     = {722.1; 722.4; 723.2; 723.5; 921.4; 921.6; C5220P (Parallel architecture); C6150C (Compilers, interpreters and other processors)},
  coden              = {PACOEJ},
  corpsource         = {Department of Math. Stat. and Comput. Sci., New England Univ., Armidale, NSW, Australia},
  journalabr         = {Parallel Comput},
  keywords           = {compilers; compiling; Computer simulation; convex polyhedron; Data storage equipment; Data transfer; distributed; Distributed computer systems; Distributed memory parallel machines; distributed memory systems; iteration space; Iterative methods; loop nest; Loop transformation; Mathematical models; Mathematical transformations; Matrix algebra; Maximal normal form; memory parallel machines; Minimal normal form; minimal normal form; Nested loops; nested loops; Non convex iteration space; non-convex iteration spaces; parallel machines; Parallel processing systems; parallelising; polyhedron; Quasi convex polyhedron; quasi-convex},
  mrclass            = {68N20 (68Q10)},
  mrnumber           = {1 393 887},
  treatment          = {T Theoretical or Mathematical},
}

@InProceedings{BCC98,
  author      = {Denis Barthou and Albert Cohen and Jean-Fran{\c{c}}ois Collard},
  title       = {Maximal Static Expansion},
  booktitle   = {Proc.\ 25th {ACM} {SIGPLAN-SIGACT} Symposium on Principles of Programming Languages (POPL'98)},
  year        = {1998},
  pages       = {98--106},
  month       = jan,
  confaddress = {San Diego, California},
  confdate    = {#jan# 19--21,},
}

@Misc{CoEll98,
  author = {Jean-Fran\c{c}ois Collard and Nils Ellmenreich},
  title  = {Automatic Parallelization of Higher-Order Languages in the Polytope Model},
  note   = {Submitted.},
}

@InProceedings{Polaris,
  author      = {William Blume and Rudolf Eigenmann and Keith Faigin and John Grout and Jay Hoeflinger and David Padua and Paul Petersen and William Pottenger and Lawrence Rauchwerger and Peng Tu and Stephen Weatherford},
  title       = {Polaris: Improving the Effectiveness of Parallelizing Compilers},
  booktitle   = {Proceedings of the 7th International Workshop on Languages and Compilers for Parallel Computing},
  year        = {1995},
  editor      = {Keshav Pingali and Uptal Banerjee and David Gelernter and Alex Nicolau and David Padua},
  series      = LNCS #{ 892},
  pages       = {141--154},
  publisher   = {Springer-Verlag},
  confaddress = {Ithaca, New York},
  confdate    = {#aug# 8--10,},
  confyear    = {1994},
}

@Article{BDRR94,
  author  = {Pierre Boulet and Alain Darte and Tanguy Risset and Yves Robert},
  title   = {({P}en)-ultimate Tiling?},
  journal = {INTEGRATION},
  year    = {1994},
  volume  = {17},
  pages   = {33--51},
}

@Article{Xue97,
  author          = {Jingling Xue},
  title           = {Communication-Minimal Tiling of Uniform Dependence Loops},
  journal         = jpdc,
  year            = {1997},
  volume          = {42},
  number          = {1},
  pages           = {42--59},
  month           = apr,
  issn            = {0743-7315},
  acknowledgement = {#ack-nhfb#},
  bibdate         = {Tue Mar 17 17:08:12 MST 1998},
  coden           = {JPDCER},
  day             = {10},
}

@Article{Mon97,
  author  = {Catherine Mongenet},
  title   = {Affine Dependence Classification for Communications Minimization},
  journal = IJPP,
  year    = {1997},
  volume  = {25},
  number  = {6},
  pages   = {497--524},
  month   = dec,
}

@Proceedings{popl97,
  title        = {24th ACM SIGPLAN-SIGACT Symposium on Principles of Programming Languages (POPL'97, Paris, F)},
  year         = {1997},
  publisher    = {ACM Press},
  month        = jan #{15--17,},
  organization = {The Association for Computing Machinery},
  booktitle    = {24th ACM SIGPLAN-SIGACT Symposium on Principles of Programming Languages (POPL'97, Paris, F)},
  confaddress  = {Paris, France},
}

@Article{DarAndViv97,
  author  = {Alain Darte and Georges-Andr{\'e} Silber and Fr{\'e}d{\'e}ric Vivien},
  title   = {Combining retiming and scheduling techniques for loop parallelization and loop tiling},
  journal = IJPP,
  year    = {1997},
  volume  = {7},
  number  = {4},
  pages   = {379--392},
  month   = dec,
}

@TechReport{HPFF1,
  author      = {{High Performance Fortran Forum}},
  title       = {{High Performance Fortran Language Specification}},
  institution = {Department of Computer Science, Rice University},
  year        = {1993},
  type        = {Final Version},
  number      = {1.0},
  month       = may,
}

@TechReport{HPFF2,
  author      = {{High Performance Fortran Forum}},
  title       = {High {P}erformance {F}ortran Language Specification},
  institution = {Department of Computer Science, Rice University},
  year        = {1997},
  type        = {Version},
  number      = {2.0},
  month       = jan,
}

@InProceedings{Aerolog,
  author      = {Thomas Brandes and Falk Zimmermann and Christian Borel and Marc Br{\'e}dif},
  title       = {{Evaluation of High Performance Fortran for an Industrial Computational Fluid Dynamics Code}},
  booktitle   = {Proc.\ VECPAR'98},
  year        = {1998},
  pages       = {467--480},
  month       = jun,
  confaddress = {Porto, Portugal},
}

@Manual{ADPP,
  title       = {{ADAPTOR} Programmer's Guide, {V}ersion 6.0},
  author      = {Thomas Brandes},
  month       = jun,
  year        = {1998},
  note        = {Available via anonymous ftp from \textsf{ftp.gmd.de} as \textsf{gmd/adaptor/docs/pguide.ps}},
  institution = {GMD},
}

@InProceedings{Bran97a,
  author      = {Thomas Brandes},
  title       = {{Compiling High Performance Fortran for Shared Memory and Shared Virtual Memory Systems}},
  booktitle   = {Proc.\ 5th Euromicro Workshop on Parallel and Distributed Computing (PDP'97)},
  year        = {1997},
  pages       = {289--296},
  month       = jan,
  publisher   = IEEECS,
  confaddress = {London, UK},
}

@InProceedings{BB96,
  author      = {Pierre Boulet and Thomas Brandes},
  title       = {{Evaluation of Automatic Parallelization Strategies for HPF Compilers}},
  booktitle   = {High Performance Computing and Networking (HPCN'96)},
  year        = {1996},
  editor      = {Heather Liddell and Adrian Holbrook and Bob Hertzberger and Peter Sloot},
  series      = LNCS #{ 1067},
  pages       = {778--783},
  publisher   = SV,
  confaddress = {Brussels, Belgium},
}

@InProceedings{BG96,
  author      = {Thomas Brandes and David Greco},
  title       = {{Realization of an HPF Interface to ScaLAPACK with Redistributions}},
  booktitle   = {High Performance Computing and Networking (HPCN'96)},
  year        = {1996},
  editor      = {Heather Liddell and Adrian Holbrook and Bob Hertzberger and Peter Sloot},
  pages       = {834--839},
  publisher   = SV,
  confaddress = {Brussels, Belgium},
  sreis       = {#LNCS# 1067},
}

@Manual{pghpf,
  title  = {{PGHPF: Reference Manual, User's Guide}},
  author = {The {Portland Group, Inc.}},
  month  = nov,
  year   = {1997},
}

@Manual{mpistd,
  title        = {MPI: A Message-Passing Interface Standard},
  author       = {Message Passing Interface Forum},
  organization = {University of Tennessee at Knoxville},
  year         = {1995},
}

@Manual{mpistd2,
  title        = {MPI-2: Extensions to the Message Passing Interface},
  author       = {Message Passing Interface Forum},
  organization = {University of Tennessee at Knoxville},
  year         = {1997},
}

@InProceedings{QRW95,
  author    = {Patrice Quinton and Sanjay Rajopadhye and Doran Wilde},
  title     = {Derivation of Data Parallel Code from a Functional Program},
  booktitle = {Proc.\ 9th Int.\ Parallel Processing Symposium (IPPS'95)},
  year      = {1995},
  pages     = {766--772},
  month     = apr,
  publisher = IEEECS,
}

@Misc{Fortran77,
  author  = {{American National Standards Institute, Inc.}},
  title   = {{ANSI} {X3}.9-1978},
  month   = apr,
  year    = {1978},
  address = {1430 Broadway, New York, NY},
}

@Misc{Fortran90,
  author  = {{American National Standards Institute, Inc.}},
  title   = {{ANSI} {X3}.198-1992},
  year    = {1992},
  address = {1430 Broadway, New York, NY},
}

@Article{ColGr96b,
  author  = {Jean-Fran\c{c}ois Collard and Martin Griebl},
  title   = {Array Dataflow Analysis for Explicitly Parallel Programs},
  journal = PPL,
  year    = {1997},
  volume  = {7},
  number  = {2},
  pages   = {111--131},
  month   = jun,
}

@InProceedings{Parafrase,
  author    = {Constantine Polychronopoulos and Milind B. Girkar and Mohammad R. Haghighat and Chia L. Lee and Bruce P. Leung and Dale A. Schouten},
  title     = {The Structure of {Parafrase-2}: An Advanced Parallelizing Compiler for {C} and {Fortran}},
  booktitle = {Languages and Compilers for Parallel Computing (LCPC'90)},
  year      = {1990},
  editor    = {David Gelernter and Alex Nicolau and David Padua},
  series    = {Research Monographs in Parallel and Distributed Computing},
  pages     = {423--453},
  publisher = {Pitman},
  chapter   = {21},
}

@InProceedings{paradigm,
  author    = {Ernesto Su and Daniel J. Palermo and Prithviraj Banerjee},
  title     = {Automating Parallelization of Regular Computations for Distributed-Memory Multicomputers in the {\sc Paradigm} Compiler},
  booktitle = {Proc.\ Int.\ Conf.\ on Parallel Processing (ICPP'93), Vol.~II: Software},
  year      = {1993},
  editor    = {Alok N. Choudhary and P. Bruce Berra},
  pages     = {30--38},
  publisher = {CRC Press},
}

@InProceedings{paradigmOptim,
  author    = {Daniel J. Palermo and Ernesto Su and John A. Chandy and Prithviraj Banerjee},
  title     = {Communication Optimizations used in the {\sc Paradigm} Compiler for Distributed-Memory Multicomputers},
  booktitle = {Proc.\ Int.\ Conf.\ on Parallel Processing (ICPP'94), Vol.~II: Software},
  year      = {1994},
  editor    = {K. C. Tai},
  pages     = {1--10},
  publisher = {CRC Press},
}

@InProceedings{PalBa95,
  author    = {Daniel J. Palermo and Prithviraj Banerjee},
  title     = {Automatic Selection of Dynamic Data Partitioning Schemes for Distributed-Memory Multicomputers},
  booktitle = {Languages and Compilers for Parallel Computing (LCPC'95)},
  year      = {1995},
  editor    = {Chua-Huang Huang and P. Sadayappan and Utpal Banerjee and David Gelernter and Alex Nicolau and David Padua},
  series    = LNCS #{ 1033},
  pages     = {392--406},
  publisher = SV,
}

@InProceedings{HKT91,
  author    = {Seema Hiranandani and Ken Kennedy and Chau-Wen Tseng},
  title     = {Compiler Optimizations for {F}ortran {D} on {MIMD} Distributed-Memory Machines},
  booktitle = {Proc.\ Supercomputing'91},
  year      = {1991},
  pages     = {86--100},
  publisher = IEEECS,
}

@Article{GuBa92,
  author  = {Manish Gupta and Prithviraj Banerjee},
  title   = {Demonstration of Automatic Data Partitioning Techniques for Parallelizing Compilers on Multicomputers},
  journal = {IEEE Transactions on Parallel and Distributed Systems},
  year    = {1992},
  volume  = {3},
  number  = {2},
  pages   = {179--193},
  month   = mar,
}

@InProceedings{GuBa93,
  author      = {Manish Gupta and Prithviraj Banerjee},
  title       = {{{\sc Paradigm}: A Compiler for Automatic Data Distribution on Multicomputers}},
  booktitle   = {Proc.\ 7th ACM Int.\ Conf.\ on Supercomputing (ICS'93)},
  year        = {1993},
  pages       = {87--96},
  month       = jul,
  publisher   = {ACM Press},
  confaddress = {Tokyo, Japan},
}

@Article{DaVi95,
  author  = {Alain Darte and Fr�d�ric Vivien},
  title   = {Revisiting the Decomposition of {K}arp, {M}iller, and {W}inograd},
  journal = ppl,
  year    = {1995},
  volume  = {5},
  number  = {4},
  pages   = {551--562},
  month   = dec,
}

@Book{ASU86,
  title     = {{Compilers -- Principles, Techniques, and Tools}},
  publisher = AW,
  year      = {1986},
  author    = {Alfred V. Aho and Ravi Sethi and Jeffrey D. Ullman},
}

@Article{vanDo94,
  author  = {Vincent {van Dongen}},
  title   = {Compiling Distributed Loops onto {SPMD} Code},
  journal = ppl,
  year    = {1994},
  volume  = {4},
  number  = {3},
  pages   = {301--312},
  month   = sep,
}

@PhdThesis{Wil95,
  author = {Doran K. Wilde},
  title  = {From \textsc{Alpha} to Imperative Code: A Transformational Compiler for an Array Based Functional Language},
  school = {Department of Computer Science, Oregon State University},
  year   = {1995},
  month  = jul,
}

@InProceedings{KePuRo95,
  author      = {Wayne Kelly and William Pugh and Evan Rosser},
  title       = {Code Generation for Multiple Mappings},
  booktitle   = {Proc.\ 5th Symp.\ on the Frontiers of Massively Parallel Computation (Frontiers'95)},
  year        = {1995},
  month       = feb,
  publisher   = {IEEE Computer Society Press},
  confaddress = {McLean, Virginia},
  confdate    = {February 6--9, 1995},
  isbn        = {0-8186-6965-9},
}

@TechReport{OmegaManual,
  author      = {Wayne Kelly and Vadim Maslov and William Pugh and Evan Rosser and Tatiana Shpeisman and David Wonnacott},
  title       = {{T}he {O}mega {L}ibrary {I}nterface {G}uide},
  institution = {Department of Computer Science, Univ. of Maryland, College Park},
  year        = {1996},
  month       = apr,
}

@Article{GHSJ96,
  author  = {Sandeep K. S. Gupta and Chua-Huang Huang and P. Sadayappan and Robert W. Johnson},
  title   = {A Framework for Generating Distributed-Memory Parallel Programs for Block Recursive Algorithms},
  journal = jpdc,
  year    = {1996},
  volume  = {34},
  number  = {2},
  pages   = {137--153},
}

@TechReport{Dag98,
  author      = {Jeanne Ferrante and Wolfgang Giloi and Sanjay Rajopadhye and Lothar {Thiele, editors}},
  title       = {Tiling for Optimal Resource Utilization},
  institution = {Schlo{\ss} Dagstuhl},
  year        = {1998},
  number      = {221},
  month       = aug,
}

@Book{FlBei94,
  title     = {The Language of Machines -- An Introduction to Computability and Formal Languages},
  publisher = CSP,
  year      = {1994},
  author    = {Robert W. Floyd and Richard Beigel},
}

@Proceedings{Euro-Par'98,
  year        = {1998},
  editor      = {David Pritchard and Jeff Reeve},
  series      = LNCS #{ 1470},
  publisher   = SV,
  booktitle   = {{Euro-Par'98}: Parallel Processing},
  confaddress = {Southampton, UK},
  confdate    = {#sep# 1--4},
  confyear    = {1998},
}

@PhdThesis{Barthou98,
  author = {Denis Barthou},
  title  = {Array Dataflow Analysis in Presence of Non-Affine Constraints},
  school = {University of Versailles},
  year   = {1998},
  month  = feb,
  note   = {\textsf{http://www.prism.uvsq.fr/~bad/these.html}},
}

@Article{BCF97,
  author  = {Denis Barthou and Jean-Fran\c{c}ois Collard and Paul A. Feautrier},
  title   = {Fuzzy Dataflow Analysis},
  journal = JPDC,
  year    = {1997},
  volume  = {40},
  number  = {2},
  pages   = {210--226},
  month   = feb,
}

@InProceedings{BKA97,
  author    = {Rajeev Barua and David Kranz and Anant Agarwal},
  title     = {Communication-Minimal Partitioning of Parallel Loops and Data Arrays for Cache-Coherent Distributed-Memory Multiprocessors},
  booktitle = {Languages and Compilers for Parallel Computing (LCPC'96)},
  year      = {1997},
  editor    = {David Sehr and Utpal Banerjee and David Gelernter and Alex Nicolau and David Padua},
  series    = {LNCS 1239},
  pages     = {350--368},
  publisher = SV,
}

@Misc{Tera,
  author       = {Preston Briggs and John Feo},
  title        = {The {TERA} Multithreaded Architecture},
  howpublished = {Int.\ Conf.\ on Parallel Architectures and Compilation Techniques (PACT'98), Tutorial},
  year         = {1998},
  confaddress  = {Paris, France},
  confmonth    = {#oct#},
}

@Book{HarWr90,
  title     = {An Introduction to the Theory of Numbers},
  publisher = {Oxford University Press},
  year      = {1990},
  author    = {Godfrey H. Hardy and Edward M. Wright},
  series    = {Oxford Science Publications},
  edition   = {5th},
}

@PhdThesis{Ban79,
  author = {Utpal Banerjee},
  title  = {Speedup of Ordinary Programs},
  school = {Department of Computer Science, University of Illinois at Urbana-Champaign},
  year   = {1979},
  month  = oct,
  note   = {Report 79-989.},
}

@Article{DarKhaRob91,
  author  = {Alain Darte and Leonid Khachiyan and Yves Robert},
  title   = {Linear Scheduling is nearly optimal},
  journal = PPL,
  year    = {1991},
  volume  = {1},
  number  = {2},
  pages   = {73--81},
  month   = dec,
}

@Proceedings{LCPC99,
  year           = {1999},
  editor         = {Larry Carter and Jeanne Ferrante},
  series         = LNCS #{ 1863},
  publisher      = SV,
  booktitle      = {Languages and Compilers for Parallel Computing, 12th International Workshop, LCPC'99},
  confaddress    = {The University of California, San Diego, La Jolla, California},
  confaddressold = {San Diego, CA},
  confdate       = {#aug# 4--6,},
}

@Article{Xue97a,
  author  = {Jingling Xue},
  title   = {On Tiling as a Loop Transformation},
  journal = PPL,
  year    = {1997},
  volume  = {7},
  number  = {4},
  pages   = {409--424},
  comment = {tiling also for affine dependences},
}

@Article{XueHua98,
  author  = {Jingling Xue and Chua-Huang Huang},
  title   = {Reuse-Driven Tiling for Improving Data Locality},
  journal = IJPP,
  year    = {1998},
  volume  = {26},
  number  = {6},
  pages   = {671--696},
  month   = dec,
}

@InProceedings{HodSha00,
  author      = {Edin Hod\v{z}i\'c and Weijia Shang},
  title       = {On Time Optimal Supernode Shape},
  booktitle   = {Eighth Int.\ Workshop on Compilers for Parallel Computers (CPC 2000)},
  year        = {2000},
  pages       = {367--379},
  address     = {Boca Raton,FL},
  publisher   = {{CRC} {P}ress},
  confaddress = {Aussois, France},
  confdate    = {#jan#4--7},
}

@Article{AndRa97,
  author  = {Rumen Andonov and Sanjay Rajopadhye},
  title   = {Optimal Orthogonal Tiling of 2-D Iterations},
  journal = JPDC,
  year    = {1997},
  volume  = {45},
  pages   = {159--165},
}

@InProceedings{OSKO95,
  author      = {Hiroshi Ohta and Yasihiko Saito and Masahiro Kainaga and Hiroyuki Ono},
  title       = {Optimal Tile Size Adjustment in Compiling General {DOACROSS} Loop Nests},
  booktitle   = {Proc.\ 1995 Int.\ Conf.\ on Supercomputing},
  year        = {1995},
  month       = jul,
  publisher   = ACM,
  confaddress = {Barcelona, Spain},
  confdate    = {#jul#3--7},
}

@InProceedings{HoCaFe97,
  author      = {Karin H\"{o}gstedt and Larry Carter and Jeanne Ferrante},
  title       = {Determining the Idle Time of a Tiling},
  booktitle   = {Proc.\ 24th {ACM} {SIGPLAN-SIGACT} Symposium on Principles of Programming Languages (POPL'97)},
  year        = {1997},
  address     = {New York},
  month       = jan,
  publisher   = ACM,
  note        = {Also available as UCSD Tech Report CS96-489},
  confaddress = {Paris, France},
  confdate    = {#jan#15--17},
  isbn        = {0-89791-853-3},
}

@InProceedings{HoCaFe99,
  author      = {Karin H\"{o}gstedt and Larry Carter and Jeanne Ferrante},
  title       = {Selecting tile shape for minimal execution time},
  booktitle   = {11th Annual {ACM} Symposium on Parallel Algorithms and Architectures (SPAA'99)},
  year        = {1999},
  pages       = {201--211},
  month       = jun,
  publisher   = ACM,
  note        = {Also available with proofs as UCSD Tech Report CS99-616},
  confaddress = {Saint-Malo, France},
  confdate    = {#jun#27--30},
  signature   = {80/SS 1999 S157 P2},
}

@Article{RAP87,
  author  = {Daniel A. Reed and Loyce M. Adams and Merrell L. Patrick},
  title   = {Stencils and Problem Partitionings: Their Influence on the Performance of Multiple Processor Systems},
  journal = TC,
  year    = {1987},
  volume  = {\mbox{C-36}},
  number  = {7},
  pages   = {845--858},
  month   = jul,
}

@InProceedings{Wol87bBetterWol89b,
  author    = {Michel Wolfe},
  title     = {Iteration Space Tiling for Memory Hierarchies},
  booktitle = {Parallel Processing for Scientific Computing},
  year      = {1987},
  editor    = {G.~Rodrigue},
  pages     = {357--361},
  publisher = {SIAM},
}

@Misc{Wolfe:Iteration,
  author      = {Michael J. Wolfe},
  title       = {Iteration Space Tiling for Memory Hierarchies},
  month       = dec,
  year        = {1987},
  note        = {Extended version of a paper which appeared in {\it Proceedings of the Third SIAM Conference on Parallel Processing}},
  institution = {Kuck and Associates, Inc.},
}

@InProceedings{Wol89b,
  author      = {Michel Wolfe},
  title       = {Iteration Space Tiling for Memory Hierarchies},
  booktitle   = {Proceedings of the 3rd Conference on Parallel Processing for Scientific Computing},
  year        = {1989},
  editor      = {Gary Rodrigue},
  pages       = {357--361},
  publisher   = {SIAM},
  confaddress = {Philadelphia, PA},
  confmonth   = {#dec#},
  isbn        = {0-89871-228-9},
}

@Article{QRW01,
  author  = {Fabien Quiller\'e and Sanjay Rajopadhye and Doran Wilde},
  title   = {Generation of Efficient Nested Loops from Polyhedra},
  journal = IJPP,
  year    = {2000},
  volume  = {28},
  number  = {5},
  pages   = {469--498},
  month   = oct,
}

@InProceedings{GGL98a,
  author    = {Max Geigl and Martin Griebl and Christian Lengauer},
  title     = {A Scheme for Detecting the Termination of a Parallel Loop Nest},
  booktitle = {Proc. GI/ITG FG PARS'98},
  year      = {1998},
  series    = {PARS Mitteilungen Nr.17},
  pages     = {166--175},
  publisher = {Gesellschaft f{\"u}r Informatik e.V.},
}

@TechReport{Lam76,
  author      = {Leslie Lamport},
  title       = {The Coordinate Method for the Parallel Execution of Iterative Loops},
  institution = {SRI International},
  year        = {1976},
  number      = {CA-7608-0221},
  address     = {333 Ravenswood Ave., Menlo Park, CA 94025},
  month       = {aug},
}

@Article{PuWo94,
  author  = {William Pugh and Dave Wonnacott},
  title   = {Static Analysis of Upper and Lower Bounds on Dependences and Parallelism},
  journal = TOPLAS,
  year    = {1994},
  volume  = {16},
  number  = {4},
  pages   = {1248--1278},
  month   = jul,
}

@PhdThesis{Herrmann00,
  author = {Christoph A. Herrmann},
  title  = {The Skeleton-Based Parallelization of Divide-and-Conquer Recursions},
  school = {Fakult{\"a}t f{\"u}r Mathematik und Informatik, Universit{\"a}t Passau},
  year   = {2000},
  note   = {To appear.},
}

@PhdThesis{Cohen99,
  author = {Albert Cohen},
  title  = {Program Analysis and Transformation: From the Polytope Model to Formal Languages},
  school = {PRiSM, Universit{\'e} de Versailles},
  year   = {1999},
}

@Article{ColGri97,
  author  = {Jean-Fran\c{c}ois Collard and Martin Griebl},
  title   = {Array Dataflow Analysis for Explicitly Parallel Programs},
  journal = PPL,
  year    = {1997},
  volume  = {7},
  number  = {2},
  pages   = {117--131},
}

@Book{Foster95,
  title     = {Design and Building Parallel Programs},
  publisher = AW,
  year      = {1995},
  author    = {Ian Foster},
}

@InProceedings{Clauss96,
  author      = {Philippe Clauss},
  title       = {Counting Solutions to Linear and Nonlinear Constraints through Ehrhart polynomials: Applications to Analyze and Transform Scientific Programs},
  booktitle   = {Proc.\ Tenth ACM Int.\ Conf.\ on Supercomputing},
  year        = {1996},
  month       = may,
  publisher   = ACM,
  confaddress = {Philadelphia, Pennsylvania},
  confdate    = {#may#},
  keywords    = {parallelizing compilers, Ehrhart polynomial, optimizing compilers, rational polytope, nested loop},
  scope       = {hpc},
  url         = {http://icps.u-strasbg.fr/upload/icps-1996-30.ps.gz},
}

@InProceedings{KelPug95,
  author    = {Wayne Kelly and William Pugh},
  title     = {A Unifying Framework for Iteration Reordering Transformations},
  booktitle = {Proc. of the {IEEE} First Int. Conf. on Algorithms and Architectures for Parallel Processing ({ICAPP} 95)},
  year      = {1995},
  month     = apr,
}

@TechReport{KelPug93,
  author      = {Wayne Kelly and William Pugh},
  title       = {A Framework for Unifying Reordering Transformations},
  institution = {Dept. of Computer Science, Univ. of Maryland},
  year        = {1993},
  number      = {CS-TR-3193},
  month       = apr,
}

@InProceedings{Gri01cpc,
  author      = {Martin Griebl},
  title       = {The Mimimal Number of Communication Startups when Tiling Space-Time Mapped Programs},
  booktitle   = {Ninth International Workshop on Compilers for Parallel Computers (CPC 2001)},
  year        = {2001},
  pages       = {117--126},
  month       = {jun},
  confaddress = {Edinburgh, Scotland UK},
  confdate    = {#jun#27--29},
}

@InProceedings{Gri01spaa,
  author      = {Martin Griebl},
  title       = {On Tiling Space-Time Mapped Loop Nests},
  booktitle   = {Thirteenth annual {ACM} symposium on parallel algorithms and architectures (SPAA 2001)},
  year        = {2001},
  pages       = {322--323},
  month       = jul,
  confaddress = {Crete, Greece},
  confdate    = {#jul#3--6},
}

@TechReport{Gri00,
  author      = {Martin Griebl},
  title       = {On the Mechanical Tiling of Space-Time Mapped Loop Nests},
  institution = {Fakult{\"a}t f{\"u}r Mathematik und Informatik, Universit{\"a}t Passau},
  year        = {2000},
  number      = {MIP-0009},
  month       = aug,
}

@Misc{Gri01a,
  author       = {Martin Griebl},
  title        = {On the Mechanical Tiling of Space-Time Mapped Loop Nests},
  howpublished = {Submitted to an international conference},
  year         = {2001},
  note         = {Preliminary version available as technical report MIP-0009 at Fakult{\"a}t f{\"u}r Mathematik und Informatik, Universit{\"a}t Passau},
}

@Misc{Gri01b,
  author       = {Martin Griebl},
  title        = {Minimal Number of Communication Startups by Tiling Space-Time Mapped Programs},
  howpublished = {Submitted to an international conference},
  year         = {2001},
  oldtitle     = {Optimal Tiles for Space-Time Mapped Loop Nests},
}

@Misc{cenju4,
  author       = {Gesellschaft f�r Mathematik und Datenverarbeitung (GMD)},
  howpublished = {\textsf{http://filou.gmd.de:8002/popcorn/services/CENJU4/Configuration.html}},
}

@InProceedings{AMP00,
  author       = {Nawaaz Ahmed and Nikolay Mateev and Keshav Pingali},
  title        = {Synthesizing Transformations for Locality Enhancement of Imperfectly-nested Loop Nests},
  booktitle    = {Conference proceedings of the 2000 International Conference on Supercomputing},
  year         = {2000},
  pages        = {141--152},
  month        = may,
  organization = {ACM SIGARCH},
  confaddress  = {Santa Fe, New Mexico},
  confdate     = {#may# 8--11,},
}

@TechReport{AMP00tr,
  author      = {Nawaaz Ahmed and Nikolay Mateev and Keshav Pingali},
  title       = {Tiling Imperfectly-nested Loop Nests (REVISED)},
  institution = {Cornell University, Computer Science Department, Ithaca, NY 14853},
  year        = {2000},
  number      = {TR 2000--1782},
}

@InProceedings{AMP00CD,
  author      = {Nawaaz Ahmed and Nikolay Mateev and Keshav Pingali},
  title       = {Tiling Imperfectly-Nested Loop Nests},
  booktitle   = {Proceedings of Supercomputing'2000 (CD-ROM)},
  year        = {2000},
  month       = nov,
  publisher   = {IEEE and ACM SIGARCH},
  confaddress = {Dallas, TX},
}

@Article{FaMe99,
  author  = {Thomas Fahringer and Eduard Mehofer},
  title   = {Buffer-Safe and Cost-Driven Communication Optimization},
  journal = {Journal of Parallel and Distributed Computing},
  year    = {1999},
  volume  = {57},
  number  = {1},
  pages   = {33--63},
  month   = apr,
  issn    = {0743-7315},
  coden   = {JPDCER},
}

@InBook{,
  altauthor = {Vikram Adve and John Mellor-Crummey},
}

@InProceedings{AMc00,
  author    = {Vikram Adve and John Mellor-Crummey},
  title     = {Advanced Code Generation for High Performance Fortran},
  booktitle = {Techniques and Run Time Systems for Scalable Parallel Systems},
  year      = {2000},
  series    = LNCS,
  publisher = SV,
  note      = {To appear},
}

@InProceedings{AJMcY98,
  author    = {Vikram Adve and Guohua Jin and John Mellor-Crummey and Quing Yi},
  title     = {High Performance Fortran Compilation Techniques for Parallelizing Scientific Codes},
  booktitle = {Proceedings of Supercomputing '98 (CD-ROM)},
  year      = {1998},
  month     = nov,
}

@Article{LeeFor97,
  author  = {Hyuk-Jae Lee and Jose A.B. Fortes},
  title   = {Communication-Minimal Partitioning and Data Alignment for Affine Nested Loops},
  journal = {The Computer Journal},
  year    = {1997},
  volume  = {40},
  number  = {6},
  pages   = {302--310},
  issn    = {0010-4620},
}

@Article{LimLam98,
  author    = {Amy W. Lim and Monica S. Lam},
  title     = {Maximizing parallelism and minimizing synchronization with affine partitions},
  journal   = PC,
  year      = {1998},
  volume    = {24},
  number    = {3--4},
  pages     = {445--475},
  month     = may,
  signature = {80/SA 7575-24,3/4},
}

@Article{HKT94,
  author  = {S. Hiranandani and K. Kennedy and C-W. Tseng},
  title   = {Evaluating compiler optimizations for {F}ortran {D}},
  journal = JPDC,
  year    = {1994},
  volume  = {21},
  pages   = {27--45},
}

@InProceedings{PSCB94,
  author      = {D. Palermo and E. Su and J. Chandy and P. Banerjee},
  title       = {Communication optimizations used in the {PARADIGM} compiler for distributed memory multicomuters},
  booktitle   = {International Conference on Parallel Processing},
  year        = {1994},
  month       = aug,
  publisher   = {IEEE},
  confaddress = {St. Charles, IL},
}

@Proceedings{SPAA01,
  year        = {2001},
  publisher   = acm,
  month       = jul,
  booktitle   = {Proceedings of the 13th Annual ACM Symposium on Parallel Algorithms and Architectures (SPAA 2001)},
  confaddress = {Crete Island, Greece},
  confdate    = {#jul#3--6,},
}

@InProceedings{Wol89sc,
  author      = {Michael Wolfe},
  title       = {More iteration space tiling},
  booktitle   = {Supercomputing '89},
  year        = {1989},
  pages       = {655--664},
  publisher   = ACM,
  confaddress = {Reno, Nevada},
  confdate    = {#nov#13--17},
  isbn        = {0-89791-341-8},
}

@Book{Xue00,
  title     = {Loop Tiling for Parallelism},
  publisher = {Kluwer},
  year      = {2000},
  author    = {Jingling Xue},
}

@TechReport{SchDon90,
  author      = {Robert Schreiber and Jack J. Dongarra},
  title       = {Automatic Blocking of Nested Loops},
  institution = {University of Tennessee, Computer Science},
  year        = {1990},
  number      = {CS-90-108},
  month       = may,
  url         = {http://www.netlib.org/utk/papers/autoblock/paper.html},
}

@Article{DHol92,
  author  = {E.H. D'Hollander},
  title   = {Partitioning and labeling of loops by unimodular transformations},
  journal = TPDS,
  year    = {1992},
  volume  = {3},
  number  = {4},
  pages   = {465--476},
}

@Article{FeaTSI,
  author  = {Paul Feautrier},
  title   = {Automatic Distribution of Data and Computation},
  journal = {Technique et Science Informatique (TSI)},
  year    = {1996},
  volume  = {15},
  pages   = {529--557},
  note    = {English version as technical report, Laboratoire PRiSM, Universit\'e de Versailles, 2000/3, URL: \textsf{http://www.prism.uvsq.fr/rapports/2000/abstract\_2000\_3.html}},
}

@TechReport{Fea00,
  author      = {Paul Feautrier},
  title       = {Automatic Distribution of Data and Computation},
  institution = {Laboratoire PRiSM, Universit\'e de Versailles},
  year        = {2000},
  number      = {2000/3},
  address     = {URL: \textsf{http://www.prism.uvsq.fr/rapports/2000/abstract\_2000\_3.html}},
  month       = mar,
  note        = {English translation of TSI vol. 15 pp 529--557, 1996.},
}

@Article{ZiBaGe88,
  author  = {H. P. Zima and H. J. Bast and M. Gerndt},
  title   = {{SUPERB} : {A} Tool for Semi-Automatic {MIMD}/{SIMD} Parallelization},
  journal = {Parallel Computing},
  year    = {1988},
  volume  = {6},
  pages   = {1--18},
}

@InProceedings{GerZim90,
  author    = {H. M. Gerndt and H. P. Zima},
  title     = {Optimizing Communication in Superb},
  booktitle = {{CONPAR} 90 - {VAPP} {IV}},
  year      = {1990},
  series    = LNCS #{ 457},
  pages     = {300--311},
  address   = {Berlin - Heidelberg - New York},
  month     = sep,
  publisher = {Springer},
  isbn      = {3-540-53065-7},
}

@InProceedings{GriFeaGroe02,
  author      = {Martin Griebl and Paul Feautrier and Armin {Gr{\"o}{\ss}linger}},
  title       = {Forward Communication Only Placements and their Use for Parallel Program Construction},
  booktitle   = {Languages and Compilers for Parallel Computing, 15th International Workshop, LCPC'02. Revised Papers},
  year        = {2005},
  series      = {LNCS 2481},
  pages       = {16--30},
  confaddress = {College Park, Maryland},
  confdate    = {#jul#25--27,},
  confyear    = {2002},
}

@Article{DDRR97,
  author  = {Fr{\'e}d{\'e}ric Desprez and Jack Dongarra and Fabrice Rastello and Yves Robert},
  title   = {Determining the Idle Time of a Tiling: New Results},
  journal = {Journal of Information Science and Engineering},
  year    = {1998},
  volume  = {14},
  pages   = {167--190},
  note    = {Also available as technical report: INRIA, Nr. 3272, Oct. 1997},
}

@Article{CorAseZap02,
  author  = {Francisco Corbera and Rafael Asenjo and Emilio Zapata},
  title   = {New Shape Analysis and Interprocedural Techniques for Automatic Parallelization of {C} Codes},
  journal = {International Journal of Parallel Programming},
  year    = {2002},
  volume  = {30},
  number  = {1},
  pages   = {37--63},
  month   = feb,
  issn    = {0885-7458},
  bibdate = {Wed Feb 20 09:55:16 MST 2002},
  coden   = {IJPPE5},
  url     = {http://ipsapp009.lwwonline.com/content/getfile/4773/25/2/abstract.htm;
                 http://ipsapp009.lwwonline.com/content/getfile/4773/25/2/fulltext.pdf},
}

@Article{GFL02,
  author  = {Martin Griebl and Peter Faber and Christian Lengauer},
  title   = {Space-Time Mapping and Tiling -- a Helpful Pair},
  journal = {Concurrency: Practice, and Experience},
  year    = {2002},
  note    = {Submitted.},
}

@Article{GriFabLen03outdated,
  author  = {Martin Griebl and Peter Faber and Christian Lengauer},
  title   = {Space-Time Mapping and Tiling -- a Helpful Combination},
  journal = {Concurrency: Practice and Experience},
  year    = {2003},
  note    = {To Appear. Preliminary version available as technical report MIP-0009 at Fakult{\"a}t f{\"u}r Mathematik und Informatik, Universit{\"a}t Passau.},
}

@Article{GriFabLen04,
  author  = {Martin Griebl and Peter Faber and Christian Lengauer},
  title   = {Space-Time Mapping and Tiling -- a Helpful Combination},
  journal = {Concurrency and Computation: Practice and Experience},
  year    = {2004},
  volume  = {16},
  number  = {3},
  pages   = {221--246},
  month   = mar,
  oldnote = {To Appear. Preliminary version available as technical report MIP-0009 at Fakult{\"a}t f{\"u}r Mathematik und Informatik, Universit{\"a}t Passau.},
}

@Article{titanium,
  author          = {Kathy Yelick and Luigi Semenzato and Geoff Pike and Carleton Miyamoto and Ben Liblit and Arvind Krishnamurthy and Paul Hilfinger and Susan Graham and David Gay and Phil Colella and Alex Aiken},
  title           = {{Titanium}: a high-performance {Java} dialect},
  journal         = {Concurrency: Prac\-tice and Experience},
  year            = {1998},
  volume          = {10},
  number          = {11--13},
  pages           = {825--836},
  month           = sep,
  issn            = {1040-3108},
  note            = {Special Issue: Java for High-performance Network Computing.},
  acknowledgement = {#ack-nhfb#},
  bibdate         = {Tue Sep 7 06:06:44 MDT 1999},
  coden           = {CPEXEI},
  url             = {http://www3.interscience.wiley.com/cgi-bin/fulltext?ID=10050392&;PLACEBO=IE.pdf;
                 http://www3.interscience.wiley.com/cgi-bin/abstract?ID=10050392},
}

@Article{hpjByte1,
  author          = {Aart J. C. Bik and Dennis B. Gannon},
  title           = {A prototype bytecode parallelization tool},
  journal         = {Concurrency: Prac\-tice and Experience},
  year            = {1998},
  volume          = {10},
  number          = {11--13},
  pages           = {879--885},
  month           = sep,
  issn            = {1040-3108},
  note            = {Special Issue: Java for High-performance Network Computing.},
  acknowledgement = {#ack-nhfb#},
  bibdate         = {Tue Sep 7 06:06:44 MDT 1999},
  coden           = {CPEXEI},
  url             = {http://www3.interscience.wiley.com/cgi-bin/fulltext?ID=10050417&;PLACEBO=IE.pdf;
                 http://www3.interscience.wiley.com/cgi-bin/abstract?ID=10050417},
}

@Article{hpjByte,
  author          = {Aart J. C. Bik and Dennis B. Gannon},
  title           = {Automatically exploiting implicit parallelism in {Java}},
  journal         = {Concurrency: Prac\-tice and Experience},
  year            = {1997},
  volume          = {9},
  number          = {6},
  pages           = {579--619},
  month           = jun,
  issn            = {1040-3108},
  acknowledgement = {#ack-nhfb#},
  bibdate         = {Tue Sep 7 06:06:32 MDT 1999},
  coden           = {CPEXEI},
  url             = {http://www3.interscience.wiley.com/cgi-bin/fulltext?ID=13878&;PLACEBO=IE.pdf;
                 http://www3.interscience.wiley.com/cgi-bin/abstract?ID=13878},
}

@InCollection{hpjSpmd1,
  author    = {Guansong Zhang and Bryan Carpenter and Geoffrey Fox and Xinying Li and Yuhong Wen},
  title     = {The {HP}spmd Model and its Java Binding},
  booktitle = {High Performance Cluster Computing},
  publisher = {Prentice Hall PTR},
  year      = {1999},
  editor    = {Rajkumar Buyya},
  volume    = {2, Programming and Applications},
  pages     = {291--309},
  address   = {Upper Saddle River, NJ},
  note      = {Chap. 14},
  keywords  = {high performance computing,},
  note2     = {NPAC, Syracuse, NY},
}

@InProceedings{hpjSpmd,
  author    = {Guansong Zhang and Bryan Carpenter and Geoffrey Fox and Xinying Li and Yuhong Wen},
  title     = {A high level SPMD programming model: {HP}spmd and its {J}ava language binding},
  booktitle = {International Conference on Parallel and Distributed Processing Techniques and Applications (PDPTA'98)},
  year      = {1988},
  month     = jul,
}

@InCollection{hpjSpmd2,
  author    = {Guansong Zhang and Bryan Carpenter and Geoffrey Fox and Xinying Li and Yuhong Wen},
  title     = {The {HP}spmd Model and its Java Binding},
  booktitle = {High Performance Cluster Computing},
  publisher = {Prentice Hall PTR},
  year      = {1999},
  editor    = {Rajkumar Buyya},
  volume    = {2, Programming and Applications},
  pages     = {291--309},
  address   = {Upper Saddle River, NJ},
  note      = {Chap. 14},
  keywords  = {high performance computing,},
}

@Article{javaparty,
  author          = {Michael Philippsen and Matthias Zenger},
  title           = {{JavaParty} --- transparent remote objects in {Java}},
  journal         = {Concurrency: Prac\-tice and Experience},
  year            = {1997},
  volume          = {9},
  number          = {11},
  pages           = {1225--1242},
  month           = nov,
  issn            = {1040-3108},
  note            = {Special Issue: Java for computational science and engineering --- simulation and modeling II.},
  acknowledgement = {#ack-nhfb#},
  bibdate         = {Tue Sep 7 06:06:35 MDT 1999},
  coden           = {CPEXEI},
  url             = {http://www3.interscience.wiley.com/cgi-bin/fulltext?ID=13816&;PLACEBO=IE.pdf;
                 http://www3.interscience.wiley.com/cgi-bin/abstract?ID=13816;
                 http://wwwipd.ira.uka.de/~phlipp/partyd.ps.gz},
}

@MastersThesis{Groesslinger03,
  author = {Armin Gr{\"o}{\ss}linger},
  title  = {Extending the polyhedron model to inequality systems with non-linear parameters using quantifier elimination},
  school = {Fakult{\"a}t f{\"u}r Mathematik und Informatik, Universit{\"a}t Passau},
  year   = {2003},
  month  = sep,
}

%"\textsf{http://www.fmi.uni-passau.de/loopo/doc/keimer-d.ps.gz}"

@TechReport{Cloog,
  author      = {C{\'e}dric Bastoul},
  title       = {Generating loops for scanning polyhedra},
  institution = {PRiSM, Versailles University},
  year        = {2002},
  number      = {2002/23},
}

@InProceedings{PolylibEhrhart,
  author    = {Philippe Clauss and Vincent Loechner},
  title     = {Parametric Analysis of Polyhedral Iteration Spaces},
  booktitle = {IEEE Int. Conf. on Application Specific Array Processors, ASAP'96},
  year      = {1996},
  month     = aug,
  publisher = IEEECS,
  note      = {Also available as technical report ICPS 96-04, Strasbourg University.},
  keywords  = {parallelizing compilers, Ehrhart polynomial, optimizing compilers, rational polytope, nested loop},
  url       = {http://icps.u-strasbg.fr/pub-96/pub-96-04.ps.gz},
}

@Misc{HaskellWeb,
  howpublished = {Web document},
  note         = {URL: \textsf{http://www.haskell.org}},
  key          = {Haskell},
}

@Book{Haskell,
  title     = {Haskell 98 Language and Libraries},
  publisher = {Cambridge University Press},
  year      = {2003},
  author    = {Simon Peyton Jones},
  isbn      = {0521826144},
}

@Book{gerald78,
  title     = {Applied Numerical Analysis},
  publisher = {Addison-Wesley},
  year      = {1978},
  author    = {Curtis F. Gerald},
  edition   = {2nd},
}

@Book{HPF94,
  title     = {The High Performance Fortran Handbook},
  publisher = {The MIT Press},
  year      = {1994},
  author    = {C.H. Koelbel and D.B. Loveman and R.S. Schreiber and G.L. Stelle Jr and M.E. Zosel},
}

@InProceedings{SonLi00,
  author       = {Yonghong Song and Yuan Lin},
  title        = {Unroll-and-Jam for Imperfectly-Nested Loops in DSP Applications},
  booktitle    = {Proceedings of the ACM International Conference on Compilers, Architectures, Systhesis for Embedded Systems},
  year         = {2000},
  month        = nov,
  organization = ACM,
  note         = {Also available as \textsf{http://www.cs.purdue.edu/homes/songyh/research/unroll.ps}},
  confdate     = {#nov#17--18,},
  conflocation = {San Jose, California},
}

% Yonghong Song and Yuan Lin.  Unroll-and-Jam for Imperfectly-Nested Loops in DSP Applications in Proceedings of the ACM International Conference on Compilers, Architectures, Systhesis for Embedded Systems, November, 2000.

@Article{BSP,
  author  = {David B. Skillicorn and Jonathan M. D. Hill and William F. McColl},
  title   = {Questions and Answers about {BSP}},
  journal = {Scientific Programming},
  year    = {1997},
  volume  = {6},
  number  = {3},
  pages   = {249--274},
}

@Article{FTYZ90,
  author     = {Z. Fang and P. Tang and P.-C. Yew and C.-Q. Zhu},
  title      = {Dynamic Processor Self-Scheduling for General Parallel Nested Loops},
  journal    = {IEEE Transactions on Computers},
  year       = {1990},
  volume     = {39},
  number     = {7},
  pages      = {919--929},
  month      = jul,
  publisher  = {IEEE Computer Society},
  remaddress = {Washington, DC},
}

@Article{LefFea98,
  author             = {Vincent Lefebvre and Paul Feautrier},
  title              = {Automatic storage management for parallel programs},
  journal            = {Parallel Computing},
  year               = {1998},
  volume             = {24},
  number             = {3--4},
  pages              = {649--671},
  month              = may,
  issn               = {0167-8191},
  acknowledgement    = {#ack-nhfb#},
  affiliation        = {Universit{\'e} de Versailles-St. Quentin},
  affiliationaddress = {Versailles, Fr},
  bibdate            = {Fri Aug 6 10:15:46 MDT 1999},
  classification     = {722.4; 722.1; 723.1},
  coden              = {PACOEJ},
  day                = {1},
  journalabr         = {Parallel Comput},
  keywords           = {Parallel processing systems; Storage allocation (computer); Program translators; Flowcharting; Response time (computer systems); Automatic storage management; Array dataflow analysis},
  url                = {http://www.elsevier.com/cas/tree/store/parco/sub/1998/24/3-4/1306.pdf},
}

@Article{RauPad99,
  author  = {Lawrence Rauchwerger and David A. Padua},
  title   = {The LRPD Test: Speculative Run-Time Parallelization of Loops with Privatization and Reduction Parallelization},
  journal = {TPDS},
  year    = {1999},
  volume  = {10},
  number  = {2},
  pages   = {160--180},
  month   = {feb},
}

@Book{Bronstein,
  title     = {Taschenbuch der Mathematik},
  publisher = {Harri Deutsch},
  year      = {1989},
  author    = {I. N. Bronstein and K. A. Semendjajew},
}

@InProceedings{Bran88,
  author       = {Thomas Brandes},
  title        = {The Importance of Direct Dependences for Automatic Parallelization},
  booktitle    = {Proc.\ Int.\ Conf.\ on Supercomputing (ICS'88)},
  year         = {1988},
  pages        = {407--417},
  month        = jun,
  organization = {ACM SIGARCH},
  publisher    = {ACM Press},
  confaddress  = {St. Malo, France},
}

@Article{BikWij95,
  author  = {Aart J.C. Bik and Harry A.G. Wijshoff},
  title   = {Advanced Compiler Optimizations for Sparse Computations},
  journal = JPDC,
  year    = {1995},
  volume  = {31},
  pages   = {14--24},
}

@Proceedings{Euro-Par'03,
  year        = {2003},
  editor      = {Harald Kosch and L{\'a}zl{\'o} B{\"o}sz{\"o}rm{\'e}nyi and Hermann Hellwagner},
  series      = LNCS #{ 2790},
  publisher   = SV,
  booktitle   = {{Euro-Par 2003}: Parallel Processing},
  confaddress = {Klagenfurt, Austria},
  confdate    = {#aug# 26--29},
  confyear    = {2003},
}

@Book{Graph,
  title     = {Graph Theory},
  publisher = AW,
  year      = {1973},
  author    = {Frank Harary},
  signature = {80/SK 890 H254 G7},
}

@Book{Sparse,
  title     = {Graph Theory and Sparse Matrix Computation},
  publisher = SV,
  year      = {1993},
  author    = {Alan George and John R. Gilbert and Joseph W.H. Liu},
  isbn      = {3-540-94131-2},
  signature = {80/SK 890 G347},
}

@Article{TeiThi93,
  author  = {J{\"u}rgen Teich and Lothar Thiele},
  title   = {Partitioning of processor arrays: A piecewise regular approach},
  journal = {INTEGRATION},
  year    = {1993},
  volume  = {14},
  number  = {3},
  pages   = {297--332},
}

@Article{YaAnIr95,
  author             = {Yi-Qing Yang and Corinne Ancourt and Fran{\c{c}}ois Irigoin},
  title              = {Minimal Data Dependence Abstractions for Loop Transformations: Extended Version},
  journal            = {International Journal of Parallel Programming},
  year               = {1995},
  volume             = {23},
  number             = {4},
  pages              = {359--388},
  month              = aug,
  issn               = {0885-7458},
  acknowledgement    = {#ack-nhfb#},
  affiliation        = {Ecole Nationale Superieure des Mines de Paris},
  affiliationaddress = {Paris, Fr},
  bibdate            = {Sat Apr 26 11:36:49 MDT 1997},
  classification     = {721.1; 722.1; 722.4; 723.1; C4240 (Programming and algorithm theory); C6150C (Compilers, interpreters and other processors)},
  coden              = {IJPPE5},
  corpsource         = {Centre de Recherche en Inf., Ecole Nat. Superieure des Mines de Paris, France},
}

@Book{cosps01,
  publisher = SV,
  year      = {2001},
  editor    = {Santosh Pande and Dharma P. Agrawal},
  series    = LNCS #{ 1808},
  isbn      = {3-540-41945-4},
  bibsource = {DBLP, \textsf{http://dblp.uni-trier.de}},
  booktitle = {Compiler Optimizations for Scalable Parallel Systems Languages, Compilation Techniques, and Run Time Systems},
  coden     = {LNCSD9},
  issn      = {0302-9743},
}

@Article{AlBiGo02,
  author          = {Martin Alt and Holger Bischof and Sergei Gorlatch},
  title           = {Algorithm Design and Performance Prediction in a {Java}-Based Grid System with Skeletons},
  journal         = {Lecture Notes in Computer Science},
  year            = {2002},
  volume          = {2400},
  pages           = {899--906},
  issn            = {0302-9743},
  acknowledgement = {#ack-nhfb#},
  bibdate         = {Tue Sep 10 19:10:14 MDT 2002},
  coden           = {LNCSD9},
  url             = {http://link.springer-ny.com/link/service/series/0558/bibs/2400/24000899.htm;
                 http://link.springer-ny.com/link/service/series/0558/papers/2400/24000899.pdf},
}

@Proceedings{Euro-Par'00,
  year        = {2000},
  editor      = {Arndt Bode and Thomas Ludwig and Wolfgang Karl and Roland Wism{\"u}ller},
  series      = LNCS #{ 1900},
  publisher   = SV,
  isbn        = {3-540-67956-1},
  booktitle   = {{Euro-Par 2000}: Parallel Processing},
  confaddress = {Munich, Germany},
  confdate    = {#aug# 29 -- #sep# 01 },
  confyear    = {2000},
  fulltitle   = {Euro-Par 2000, Parallel Processing, 6th International Euro-Par Conference, Munich, Germany, August 29 - September 1, 2000, Proceedings},
}

@Article{Fea95,
  author    = {Paul Feautrier},
  title     = {Compiling for massively parallel architectures: a perspective},
  journal   = {Microprocessing and Microprogramming},
  year      = {1995},
  volume    = {41},
  number    = {5},
  pages     = {425--439},
  month     = oct,
  issn      = {0165-6074},
  signature = {SA 7130-41,5/6},
}

@InProceedings{DaScVi03Samos,
  author      = {Alain Darte and Rob Schreiber and Gilles Villard},
  title       = {Lattice-Based Memory Allocation},
  booktitle   = {Systems, {A}rchitectures, {M}{O}deling, and {S}imulation ({SAMOS III} 2003)},
  year        = {2003},
  confaddress = {Samos, Greece},
  confdate    = {July 21 -- 23, 2003},
}

@Article{Viv03,
  author  = {Fr{\'e}d{\'e}ric Vivien},
  title   = {On the optimality of {F}eautrier's scheduling algorithm},
  journal = {Concurrency and Computation: Practice and Experience},
  year    = {2003},
  volume  = {15},
  pages   = {1047--1068},
}

@InProceedings{TVSA01,
  author      = {William Thies and Fr{\'e}d{\'e}ric Vivien and Jeffrey Sheldon and Saman Amarasinghe},
  title       = {A Unified Framework for Schedule and Storage Optimization},
  booktitle   = {Proceedings of the {ACM} {SIGPLAN} '01 Conference on Programming Language Design and Implementation ({PLDI}-01)},
  year        = {2001},
  editor      = {Cindy Norris and Jr. James B. Fenwick},
  volume      = {36.5},
  pages       = {232--242},
  publisher   = {ACMPress},
  confaddress = {Snowbird, Utah},
  confdate    = {#jun# ~20--22},
  issn        = {0362-1340},
  journal     = {ACM SIG{\-}PLAN Notices},
  optnumber   = {5},
  pubaddress  = {N.Y.},
}

@Article{QuiRaj00,
  author          = {Fabien Quiller{\'e} and Sanjay Rajopadhye},
  title           = {Optimizing memory usage in the polyhedral model},
  journal         = {ACM Transactions on Programming Languages and Systems},
  year            = {2000},
  volume          = {22},
  number          = {5},
  pages           = {773--815},
  issn            = {0164-0925},
  abstract        = {The {\em polyhedral model\/} provides a single unified
                 foundation for systolic array synthesis and automatic
                 parallelization of loop programs. We investigate the
                 problem of memory reuse when compiling Alpha (a
                 functional language based on this model). Direct
                 compilation would require unacceptably large memory
                 (for example $O(n^3)$ for matrix multiplication).
                 Researchers have previously addressed the problem of
                 memory reuse, and the analysis that this entails for
                 projective memory allocations. This paper addresses,
                 for a given schedule, the choice of the projections so
                 as to minimize the volume of the residual memory. We
                 prove tight bounds on the number of linearly
                 independent projection vectors. Our method is
                 constructive, yielding an optimal memory allocation. We
                 extend the method to modular functions, and deal with
                 the subsequent problems of code generation. Our ideas
                 are illustrated on a number of examples generated by
                 the current version of the Alpha compiler.},
  acknowledgement = {#ack-nhfb#},
  bibdate         = {Tue Apr 17 10:05:24 MDT 2001},
  coden           = {ATPSDT},
  generalterms    = {Languages},
  keywords        = {affine recurrence equations; applicative (functional) languages; automatic parallelization; dataflow analysis; data-parallel languages; dependence analysis; lifetime analysis; memory management; parallel code generation; polyhedral model; scheduling},
  subject         = {Computer Systems Organization --- Processor Architectures --- Multiple Data Stream Architectures (Multiprocessors) (C.1.2): {\bf Array and vector processors}; Software --- Programming Languages --- Processors (D.3.4): {\bf Compilers}; Software --- Programming Languages --- Processors (D.3.4): {\bf Memory management (garbage collection)}},
  url             = {http://www.acm.org/pubs/citations/journals/toplas/2000-22-5/p773-quillere/;
                 http://www.acm.org/pubs/articles/journals/toplas/2000-22-5/p773-quillere/p773-quillere.pdf},
}

@InProceedings{DaScVi03,
  author       = {Alain Darte and Rob Schreiber and Gilles Villard},
  title        = {Lattice-Based Memory Allocation},
  booktitle    = {International Conference on Compilers, Architecture, and Synthesis for Embedded Systems (CASES'03)},
  year         = {2003},
  organization = ACM,
  note         = {to appear},
  confaddress  = {San Jose, California},
  confdate     = {#oct# 30 -- #nov# 02},
}

@PhdThesis{Burg75,
  author = {John Parker Burg},
  title  = {Maximum Entropy Spectral Analysis},
  school = {Stanford University},
  year   = {1975},
}

@Book{Lanczos,
  title     = {Numerical Methods for Large Eigenvalue Problems},
  publisher = {Manchester University Press},
  year      = {1993},
  author    = {Y. Saad},
}

@InProceedings{Gri03,
  author    = {Martin Griebl},
  title     = {On the Optimal Granularity of Parallelism},
  booktitle = {Proc. GI/ITG FG PARS'03},
  year      = {2003},
  series    = {PARS Mitteilungen Nr. 20},
  pages     = {63--72},
  publisher = {Gesellschaft f{\"u}r Informatik e.V.},
}

@InProceedings{GGL04,
  author      = {Armin Gr{\"o}{\ss}linger and Martin Griebl and Christian Lengauer},
  title       = {Introducing Non-linear Parameters to the Polyhedron Model},
  booktitle   = {Proc. 11th Int.\ Workshop on Compilers for Parallel Computers (CPC 2004)},
  year        = {2004},
  editor      = {Michael Gerndt and Edmond Kereku},
  series      = {Research Report Series},
  pages       = {1--12},
  month       = jul,
  publisher   = {LRR-TUM, Technische Universit\"at M\"unchen},
  confaddress = {Seeon, Germany},
  confdate    = {#jul#7--9},
}

@Misc{Griebl04,
  author = {Martin Griebl},
  title  = {Automatic Parallelization of Loop Programs for Distributed Memory Architectures},
  year   = {2004},
  note   = {Habilitation thesis. Also available as \textsf{http://www.fmi.uni-passau.de/{\small$\sim$}griebl/habil.ps.gz}},
  school = {Universit{\"a}t Passau},
}

@Article{turing37:_comput,
  author  = {Alain M. Turing},
  title   = {Computability and $\lambda$-definability},
  journal = {The Journal of Symbolic Logic},
  year    = {1937},
  volume  = {2},
  number  = {4},
  month   = dec,
}

@InProceedings{LambdaIntro,
  author    = {H. P. Barendregt},
  booktitle = {The Lambda Calculus -- Its Syntax and Semantics (revised edition)},
  year      = {1984},
  editor    = {J. Barwise and D. Kaplan and H. J. Keisler and P. Suppes and A. S. Troelstra},
  volume    = {103},
  series    = {Studies in Logic and the Foundations of Mathematics},
  publisher = {Elsevier Science Publishers B.V.},
  hinweis   = {eigentlich ein Buch in einer Serie, aber das kann BibTeX nicht},
}

@Book{erk02:_theor_infor,
  title     = {Theoretische Informatik -- Eine umfassende Einf�hrung (2. Auflage)},
  publisher = {Springer Verlag},
  year      = {2002},
  author    = {Katrin Erk and Lutz Priese},
}

@Article{TuringOrig,
  author  = {Alain M. Turing},
  title   = {On computable numbers with an application to the Entscheidungsproblem},
  journal = {Proc. London Math. Soc.},
  year    = {1936},
  volume  = {2},
  number  = {42},
  pages   = {230--265},
  note    = {A correction, ibid., vol 43, pp. 544--546},
}

@Book{KnuthIII,
  title     = {Sorting and Searching},
  publisher = AW,
  year      = {1973},
  author    = {Donald Ervin Knuth},
  volume    = {3},
  series    = {The art of computer programming},
}

@PhdThesis{Peir86,
  author = {J. K. Peir},
  title  = {Program partitioning and synchronization on multiprocessor systems},
  school = {University of Illinois at Urbana-Champaign},
  year   = {1986},
  month  = mar,
  note   = {Technical report UIUC-DCS-R-86-1259},
}

@Article{Kiefer53,
  author  = {J. Kiefer},
  title   = {Sequential Minimax Search for a Maximum},
  journal = {Proceedings of the American Mathematical Society},
  year    = {1953},
  volume  = {4},
  number  = {3},
  pages   = {502--506},
  month   = jun,
}

@Misc{cfd-heat,
  author = {Abdusamad A.\ Salih},
  note   = {\textsf{http://www.sali.freeservers.com/engineering/cfd/cfdcodes/fd4.html}},
}

@MastersThesis{Seidel04DA,
  author     = {Georg Seidel},
  title      = {Methods for adaptive tiling in the polyhedron model},
  school     = {Fakult{\"a}t f{\"u}r Informatik, Technische Universit{\"a}t M{\"u}nchen},
  year       = {2004},
  monthfehlt = {#sep#},
  notefut    = {\textsf{http://www.fmi.uni-passau.de/loopo/doc/seidel-d.ps.gz}},
}

@Book{numerik-SOR-1,
  title     = {Numerical Mathematics -- Theory and Computer Applications},
  publisher = {Benjamin/Cummings},
  year      = {1985},
  author    = {Carl-Erik Fr{\"o}berg},
  isbn      = {0-8053-2530-1},
  signatur  = {80/SK 900 F925N9},
}

@Book{numerik-SOR-2,
  title     = {Numerik linearer Gleichungssysteme -- Eine Einf\"{u}hrung in moderne Verfahren},
  publisher = {Vieweg},
  year      = {1999},
  author    = {Andreas Meister},
}

@Book{numerik-SOR-3,
  title     = {Introduction to parallel and vector solution of linear systems},
  publisher = {Plenum Press},
  year      = {1988},
  author    = {James M. Ortega},
  edition   = {Frontiers of computer science},
  isbn      = {0-306-42862-8},
  signatur  = {80/SK 915 O77},
}

@InProceedings{Bas03a,
  author      = {C\'edric Bastoul and Paul Feautrier},
  title       = {Reordering methods for data locality improvement},
  booktitle   = {CPC'10 Compilers for Parallel Computers},
  year        = {2003},
  pages       = {187--196},
  month       = jan,
  confaddress = {Amsterdam},
}

@InProceedings{Bas03b,
  author      = {C\'edric Bastoul and Paul Feautrier},
  title       = {Improving data locality by chunking},
  booktitle   = {CC'12 International Conference on Compiler Construction, LNCS 2622},
  year        = {2003},
  pages       = {320--335},
  month       = apr,
  confaddress = {Warsaw},
}

@InProceedings{Bas03c,
  author      = {C. Bastoul and A. Cohen and A. Girbal and S. Sharma and O. Temam},
  title       = {Putting polyhedral loop transformations to work},
  booktitle   = {LCPC'16 International Workshop on Languages and Compilers for Parallel Computers, LNCS 2958 to appear},
  year        = {2003},
  month       = oct,
  confaddress = {College Station},
}

@InProceedings{Bas03d,
  author      = {C\'edric Bastoul},
  title       = {Efficient code generation for automatic parallelization and optimization},
  booktitle   = {ISPDC'2 IEEE International Symposium on Parallel and Distributed Computing},
  year        = {2003},
  pages       = {23--30},
  month       = oct,
  confaddress = {Ljubjana},
}

@Misc{HotSpotCompilers-antrag,
  author                 = {Geoffrey C. Fox and Guansong Zhang and Xiaoming Li and Yuhong Wen},
  title                  = {Studies of Integration and Optimization of Interpreted and Compiled Languages},
  month                  = jan #{~15},
  year                   = {1998},
  abstract               = {activity as we focus on two areas - scientific
                 computing and support of large scale data parallelism -
                 which are outside the commercial mainstream. We have
                 already initiated a community activity studying the use
                 of Java in scientific and engineering computation which
                 will help us make certain that our work is synergistic
                 with and not competitive with commercial efforts.
                 Qualitatively one can view our front end compiler as
                 similar to the javac compiler's function of producing
                 JavaVM bytecodes. The II/CVM will naturally need the
                 study of such issues as Just in Time compilation,
                 dynamic linking, remote loading, garbage collection,
                 stack handling, communication latency hiding and the
                 invocation of high performance pre-compiled runtime.
                 Our research will lead to insights on the tradeoffs in
                 placing optimizations either in the front end compiler
                 or in the dynamic runtime supporting the new hybrid
                 Virtual Machine. This project builds on our previous
                 research in HPF where we have produced a ve},
  annoted                = {The Pennsylvania State University CiteSeer Archives},
  citeseer-isreferncedby = {oai:CiteSeerPSU:15524},
  language               = {en},
  oai                    = {oai:CiteSeerPSU:164550},
  rights                 = {unrestricted},
  subject                = {Geoffrey C. Fox,Guansong Zhang,Xiaoming Li,Yuhong Wen Studies of Integration and Optimization of Interpreted and Compiled Languages},
  url                    = {http://citeseer.ist.psu.edu/164550.html;
                 ftp://softlib.rice.edu/pub/CRPC-TRs/reports/CRPC-TR97727.ps.gz},
}

@Misc{javahotspot01,
  author = {SUN Microsystems},
  title  = {The {J}ava {H}ot{S}pot {V}irtual {M}achine},
  year   = {2001},
  note   = {Technical White Paper, available via \textsf{http://java.sun.com/products/hotspot/docs/whitepaper}},
  url    = {http://java.sun.com/products/hotspot/docs/whitepaper/Java_HotSpot_WP_Final_4_30_01.pdf},
}

@InCollection{Griesemer:2000:CJH,
  author          = {Robert Griesemer and Srdjan Mitrovic},
  title           = {A Compiler for the {Java HotSpot} Virtual Machine},
  booktitle       = {The School of {Niklaus Wirth}: The Art of Simplicity},
  publisher       = {Morgan Kaufmann Publishers},
  year            = {2000},
  editor          = {L{\'a}szl{\'o} B{\"o}sz{\"o}rm{\'e}nyi and Jurg Gutknecht and Gustav Pomberger},
  pages           = {??--??},
  address         = {Los Altos, CA 94022, USA},
  isbn            = {1-55860-723-4},
  acknowledgement = {#ack-nhfb#},
  bibdate         = {Fri Jan 19 06:02:04 2001},
}

@Book{HomoCoord46,
  title     = {Methods of Plane Projective Geometry Based on the Use of General Homogeneous Coordinates},
  publisher = {Cambridge University Press},
  year      = {1946},
  author    = {E.A.~Maxwell},
}

@Book{CompGraph94,
  title     = {Introduction to Computer Graphics},
  publisher = AW,
  year      = {1994},
  author    = {James D. Foley and "Andries van" Dam and Steven K. Feiner and John F. Hughes and Richard L. Phillips},
}

@InCollection{Darte94,
  author    = {Alain Darte},
  title     = {Mapping uniform loop nests onto distributed memory architectures},
  booktitle = {Parallel Computing: trends and applications},
  publisher = {Elsevier Science B.V.},
  year      = {1994},
  editor    = {G.R.~Joubert and D.~Trystram and F.J.~Peters and D.J.~Evans},
}

@Article{Ram95,
  author  = {J.~Ramanujam},
  title   = {Beyond Unimodular Transformations},
  journal = {The Journal of Supercomputing},
  year    = {1995},
  volume  = {9},
  number  = {4},
  pages   = {365--389},
  month   = oct,
}

@Proceedings{PACT98,
  year        = {1998},
  publisher   = IEEECS,
  booktitle   = {Proc.\ Int.\ Conf.\ on Parallel Architectures and Compilation Techniques ({PACT}'98)},
  confaddress = {Paris, France},
  confmonth   = {#oct# 12--18,},
}

@PhdThesis{Ellmenreich04,
  author = {Nils Ellmenreich},
  title  = {\textsf{Poly{A}{P}{M}}: Comparative Parallel Programming with Abstract Parallel Machines},
  school = {Universit{\"a}t Passau},
  year   = {2004},
}

@Book{Sebesta,
  title     = {Concepts of programming languages},
  publisher = AW,
  year      = {2002},
  author    = {Robert W. Sebesta},
  note      = {also 2003 by pearson},
  signature = {80/ST 238 S443(5)},
}

@InProceedings{KaFoBr00,
  author      = {Nirav H. Kapadia and Jos{\'e} B. Fortes and Carla E. Brodley},
  title       = {Predictive Application-Performance Modeling in a Computational Grid Environment},
  booktitle   = {Eighth IEEE International Symposium on High Performance Distributed Computing},
  year        = {1999},
  confaddress = {Redondo Beach, Los Angeles, California},
  confdate    = {#aug#3--6},
  url         = {http://dynamo.ecn.purdue.edu/~kapadia/Publications/1999/hpdc.ps},
}

@InProceedings{RiIaFo01,
  author      = {Matei Ripeanu and Adriana Iamnitchi and Ian Foster},
  title       = {Cactus Application: Performance Predictions in a Grid Environment},
  booktitle   = {Euro-Par 2001: Parallel Processing},
  year        = {1999},
  editor      = {Rizos Sakellariou and John Keane and John Gurd and Len Freeman},
  series      = {LNCS 2150},
  pages       = {807-816},
  month       = aug,
  publisher   = SV,
  confaddress = {Manchester, UK},
  confdate    = {#aug#28--31},
  url         = {http://people.cs.uchicago.edu/~matei/PAPERS/EuroPar.ps},
}

@Article{CaKiPlDo99,
  author    = {Henri Casanova and MyungHo Kim and James S. Plank and Jack Dongarra},
  title     = {Adaptive Scheduling for Task Farming with Grid Middleware},
  journal   = {International Journal of High Performance Computing},
  year      = {1999},
  volume    = {13},
  number    = {3},
  pages     = {231--240},
  note      = {A version for the Euro-Par'99 conference is available as LNCS 1685, pp. 30--43, Springer Verlag},
  archive   = {electronic-only},
  nomonth   = {Fall},
  publisher = {Sage Science Press},
  url       = {http://www.cs.utk.edu/~plank/plank/papers/EuroPar99.ps},
  url2      = {http://springerlink.metapress.com/app/home/content.asp?wasp=pf9dmxgjwg7xym590nr7&referrer=contribution&format=2&page=1&pagecount=0},
}

@TechReport{faik04a,
  author      = {Jamal Faik and Luis G. Gervasio and Joseph E. Flaherty and Jin Chang and James D. Teresco and Erik G. Boman and Karen D. Devine},
  title       = {A model for resource-aware load balancing on heterogeneous clusters},
  institution = {Williams College Department of Computer Science},
  year        = {2004},
  number      = {CS-04-03},
  note        = {Submitted to Cluster '04},
}

@Article{KGR94,
  author  = {Vipin Kumar and Ananth Grama and V. Nageshwara Rao},
  title   = {Scalable Load Balancing Techniques for Parallel Computers},
  journal = {Journal of Parallel and Distributed Computing},
  year    = {1994},
  volume  = {22},
  number  = {1},
  pages   = {60--79},
  archive = {electronic-only:KGR94.ps},
  url     = {http://www-users.cs.umn.edu/~kumar/papers/lb_MIMD.ps},
}

@Article{GGL05b,
  author  = {Armin Gr{\"o}{\ss}linger and Martin Griebl and Christian Lengauer},
  title   = {Quantifier elimination in automatic loop parallelization},
  journal = {Journal of Symbolic Computation},
  year    = {2005},
  note    = {to appear},
}

@Article{GGL05jsc,
  author    = {Armin Gr{\"o}{\ss}linger and Martin Griebl and Christian Lengauer},
  title     = {Quantifier elimination in automatic loop parallelization},
  journal   = {Journal of Symbolic Computation},
  year      = {2006},
  volume    = {41},
  pages     = {1206--1221},
  publisher = {Elsevier Science Publishers B.V.},
}

@InProceedings{GGL05a3l,
  author      = {Armin Gr{\"o}{\ss}linger and Martin Griebl and Christian Lengauer},
  title       = {Quantifier Elimination in Automatic Loop Parallelization},
  booktitle   = {Algorithmic Algebra and Logic ({A3L} 2005)},
  year        = {2005},
  editor      = {Andreas Dolzmann and Andreas Seidl and Thomas Sturm},
  pages       = {123--128},
  month       = apr,
  publisher   = {Books on Demand GmbH, Norderstedt},
  confaddress = {Passau, Germany},
  confdate    = {#apr#3--6},
  isbn        = {3-8334-2669-1},
}

@InCollection{DuenGorGriLenArg06,
  author      = {Jan D{\"u}nnweber and Sergei Gorlatch and Martin Griebl and Christian Lengauer and Eduardo Argollo},
  title       = {Making a Taskfarm Component Parallelize Loops for the Grid},
  booktitle   = {Integrated Research in Grid Computing -- CoreGRID Integration Workshop 2006},
  year        = {2006},
  pages       = {93--103},
  month       = oct,
  isbn        = {83-915141-6-1},
  confaddress = {Krakow, Poland},
  confdate    = {#oct#19--20},
  confyear    = {2006},
  editors     = {Sergei Gorlatch and Marian Bubak and Thierry Priol},
}

@InProceedings{ClaGri06hips,
  author      = {Michael Cla{\ss}en and Martin Griebl},
  title       = {Automatic Code Generation for Distributed Memory Architectures in the Polytope Model},
  booktitle   = {20th IEEE International Symposium on Parallel and Distributed Processing (IPDPS), workshop: 11th International Workshop on High-Level Parallel Programming Models and Supportive Environments (HIPS)},
  year        = {2006},
  month       = apr,
  confaddress = {Rhodos, Greece},
  confdate    = {#apr#25-29},
  isbn        = {1-4244-0054-6},
  url         = {http://ieeexplore.ieee.org/xpls/abs_all.jsp?isnumber=34366&arnumber=1639500&count=468&index=242},
}

@Misc{Scholz07,
  author       = {Wolfgang Scholz},
  title        = {Lastausgleichsverfahren im Polytopmodell},
  howpublished = {Bachelorarbeit, Fakult{\"a}t f{\"u}r Mathematik und Informatik, Universit{\"a}t Passau},
  month        = sep,
  year         = {2007},
  note         = {to appear},
}

@Misc{ClassenP07,
  author       = {Philipp Cla{\ss}en},
  title        = {Code Generation in the Polytope Model with Non-linear Parameters},
  howpublished = {Bachelorarbeit, Fakult{\"a}t f{\"u}r Mathematik und Informatik, Universit{\"a}t Passau},
  month        = apr,
  year         = {2007},
}

@Misc{Amonat05,
  author       = {Sven Amonat},
  title        = {Code generation in an extended polyhedron model with non-linear parameters},
  howpublished = {Diplomarbeit, Institut f{\"u}r Informatik, Martin-Luther-Universit{\"a}t Halle-Wittenberg},
  month        = jul,
  year         = {2005},
}

@Article{DuenGor04,
  author    = {Jan D{\"u}nnweber and Sergei Gorlatch},
  title     = {HOC-SA: A Grid Service Architecture for Higher-Order Components},
  journal   = {scc},
  year      = {2004},
  volume    = {00},
  pages     = {288-294},
  address   = {Los Alamitos, CA, USA},
  doi       = {http://doi.ieeecomputersociety.org/10.1109/SCC.2004.1358017},
  isbn      = {0-7695-2225-4},
  publisher = {IEEE Computer Society},
}

@Comment{jabref-meta: databaseType:bibtex;}
