% Encoding: UTF-8

@String{ACM     = {ACM Press}}
@String{AI      = {Acta Informatica}}
@String{AW      = {Addison-Wesley}}
@String{CACM    = {Comm.\ ACM}}
@String{DC      = {Distributed Computing}}
@String{FAC     = {Formal Aspects of Computing}}
@String{ICASAP  = {Proc.\ Int.\ Conf.\ on Application Specific Array Processors}}
@String{ICSAP   = {Proc.\ Int.\ Conf.\ on Systolic Array Processors}}
@String{IEEE    = {IEEE Press}}
@String{IEEECS  = {IEEE Computer Society Press}}
@String{IJPP    = {Int.\ J.\ Parallel Programming}}
@String{IPL     = {Information Processing Letters}}
@String{JACM    = {J.~ACM}}
@String{JPDC    = {J.~Parallel and Distributed Computing}}
@String{JS      = {J.\ Supercomputing}}
@String{JVSP    = {J.~VLSI Signal Processing}}
@String{NH      = {North-Holland}}
@String{PAA     = {Parallel Algorithms \& Applications}}
@String{PC      = {Parallel Computing}}
@String{PH      = {Prentice-Hall}}
@String{PHI     = {Prentice/Hall, Int.}}
@String{PP      = {Int.\ J.\ Parallel Programming}}
@String{PPL     = {Parallel Processing Letters}}
@String{PPoPP   = {Proc.\ 3rd {ACM} {SIGPLAN} Symp.\ on Principles \& Practice of Parallel Programming (PPoPP'91)}}
@String{SCP     = {Science of Computer Programming}}
@String{SIGPLAN = {SIGPLAN Notices}}
@String{SV      = {Springer-Verlag}}
@String{TASSP   = {IEEE Trans.\ on Acoustics, Speech and Signal Processing}}
@String{TC      = {IEEE Trans.\ on Computers}}
@String{TOPLAS  = {ACM Trans.\ on Programming Languages and Systems}}
@String{TPDS    = {IEEE Trans.\ on Parallel and Distributed Systems}}
@String{TSE     = {IEEE Trans.\ on Software Engineering}}
@String{WS      = {World Scientific}}

@Article{Ann87,
  author  = {M.~Annaratone and E.~Arnould and T.~Gross and H.~T.~Kung and M.~Lam and O.~Menzilcioglu and J.~A.~Webb},
  title   = {The {Warp} Computer: Architecture, Implementation, and Performance},
  journal = {IEEE Trans.\ on Computers},
  year    = {1987},
  volume  = {\mbox{C-36}},
  number  = {12},
  pages   = {\mbox{1523--1538}},
  month   = dec,
}

@InProceedings{BuDe88,
  author    = {J.~Bu and E.~F.~Deprettere},
  title     = {Converting Sequential Iterative Algorithms to Recurrent Equations for Automatic Design of Systolic Arrays},
  booktitle = {Proc.\ {IEEE} Int.\ Conf.\ on Acoustics, Speech and Signal Processing (ICASSP 88), Vol.~IV: VLSI; Spectral Estimation},
  year      = {1988},
  pages     = {\mbox{2025--2028}},
  publisher = {IEEE Press},
}

@PhdThesis{Bu90,
  author = {J.~Bu},
  title  = {Systematic Design of Regular {VLSI} Processor Arrays},
  school = {Department of Electrical Engineering, Delft University of Technology},
  year   = {1990},
  month  = may,
}

@InProceedings{Chen86b,
  author    = {Marina~C.~Chen},
  title     = {Placement and Interconnection of Systolic Processing Elements: A New {LU}-Decomposition Algorithm},
  booktitle = {Proc.\ IEEE Int.\ Conf.\ on Computer Design (ICCD'86)},
  year      = {1986},
  pages     = {\mbox{275--281}},
  publisher = {IEEE Press},
}

@Article{Chen86,
  author  = {Marina~C.~Chen},
  title   = {A Design Methodology for Synthesizing Parallel Algorithms and Architectures},
  journal = JPDC,
  year    = {1986},
  volume  = {3},
  number  = {4},
  pages   = {\mbox{461--491}},
  motnh   = {#dec#},
}

@Article{Chen88,
  author  = {M.~C.~Chen and Y.~Choo and J.~Li},
  title   = {Compiling Parallel Programs by Optimizing Performance},
  journal = {J.\ Supercomputing},
  year    = {1988},
  volume  = {2},
  pages   = {\mbox{171--207}},
}

@InProceedings{Dong89,
  author    = {V.~{van Dongen}},
  title     = {Quasi-Regular Arrays: Definition and Design Methodology},
  booktitle = {Systolic Array Processors},
  year      = {1989},
  editor    = {J.~V. McCanny and J.~McWhirter and E.~E. Swartzlander},
  pages     = {\mbox{126--135}},
  publisher = {Prentice Hall},
}

@InCollection{DonPe90,
  author    = {V.~{van Dongen} and M.~Petit},
  title     = {{PRESAGE}: A Tool for the Parallelization of Nested Loop Programs},
  booktitle = {Formal {VLSI} Specification and Synthesis ({VLSI} Design Methods-I)},
  publisher = {North-Holland},
  year      = {1990},
  editor    = {L.~J.~M.~Claesen},
  pages     = {\mbox{341--359}},
}

@InCollection{DelIp86b,
  author    = {J.~M.~Delosme and I.~C.~F.~Ipsen},
  title     = {Systolic Array Synthesis: Computability and Time Cones},
  booktitle = {Parallel Algorithms \& Architectures},
  publisher = {North-Holland},
  year      = {1986},
  editor    = {M.~Cosnard and P.~Quinton and Y.~Robert and M.~Tchuente},
  pages     = {\mbox{295--312}},
}

@InCollection{EngCa87,
  author    = {B.~R.~Engstrom and P.~R.~Cappello},
  title     = {The {SDEF} Systolic Programming System},
  booktitle = {Concurrent Computations},
  publisher = {Plenum Press},
  year      = {1987},
  editor    = {S.~K.~Tewksbury B.~W.~Dickinson and S.~C.~Schwartz},
  chapter   = {15},
}

@Article{EngCa89,
  author  = {B.~R.~Engstrom and P.~R.~Cappello},
  title   = {The {SDEF} Programming System},
  journal = JPDC,
  year    = {1989},
  pages   = {\mbox{201--231}},
  vol     = {7},
}

@Article{ForMo85,
  author  = {J.~A.~B.~Fortes and D.~I.~Moldovan},
  title   = {Parallelism Detection and Algorithm Transformation Techniques Useful for {VLSI} Architecture Design},
  journal = JPDC,
  year    = {1985},
  volume  = {2},
  number  = {3},
  pages   = {\mbox{277--301}},
  month   = aug,
}

@InCollection{FFW88,
  author    = {J.~A.~B.~Fortes and K.-S.~Fu and B.~W.~Wah},
  title     = {Systematic Design Approaches for Algorithmically Specified Systolic Arrays},
  booktitle = {Computer Architecture -- Concepts and Systems},
  publisher = {North-Holland},
  year      = {1988},
  editor    = {V.~M.~Milutinovi\'{c}},
  chapter   = {11},
}

@InProceedings{FriLa88,
  author    = {P.~Frison and D.~Lavenier},
  title     = {A {VLSI} Systolic Machine for String Correction},
  booktitle = {Proc.\ Third Int.\ Conf.\ on Supercomputing (ICS 88), Vol.~III: Supercomputer Design: Hardware \& Software},
  year      = {1988},
  editor    = {L.~P.\ and S.~I.~Kartashev},
  pages     = {\mbox{19--24}},
  publisher = {Int.\ Supercomputing Institute, Inc.},
}

@InProceedings{Qui88,
  author    = {P. Quinton},
  title     = {Mapping Recurrences on Parallel Architectures},
  booktitle = {Proc.\ Third Int.\ Conf.\ on Supercomputing (ICS 88), Vol.~III: Supercomputer Design: Hardware \& Software},
  year      = {1988},
  editor    = {L.~P.\ and S.~I.~Kartashev},
  pages     = {\mbox{1--8}},
  publisher = {Int.\ Supercomputing Institute, Inc.},
}

@InCollection{FGQ86,
  author    = {P.~Frison and P.~Gachet and P.~Quinton},
  title     = {Designing Systolic Arrays with {DIASTOL}},
  booktitle = {VLSI Signal Processing, II},
  publisher = {IEEE Press},
  year      = {1987},
  editor    = {S.-Y.~Kung and R.~E.~Owen and J.~G.~Nash},
  pages     = {\mbox{93--105}},
}

@InCollection{GJQ86,
  author    = {P.~Gachet and B.~Joinnault and P.~Quinton},
  title     = {Synthesizing Systolic Arrays Using {DIASTOL}},
  booktitle = {Systolic Arrays},
  publisher = {Adam Hilger},
  year      = {1987},
  editor    = {W.~Moore and A.~McCabe and R.~Urquart},
  pages     = {\mbox{25--36}},
}

@InProceedings{GKT79,
  author    = {L.~J.~Guibas and H.~T.~Kung and C.~D.~Thompson},
  title     = {Direct {VLSI} Implementation of Combinatorial Algorithms},
  booktitle = {Proc.\ Caltech Conf.\ on VLSI},
  year      = {1979},
  pages     = {\mbox{509--525}},
}

@InCollection{LSA90,
  author    = {C.~Lengauer and B.~Sabata and F.~Arman},
  title     = {A Mechanically Derived Systolic Implementation of Pyramid Initialization},
  booktitle = {Hardware Specification, Verification and Synthesis: Mathematical Aspects},
  publisher = {Springer-Verlag},
  year      = {1990},
  editor    = {G.~Brown and M.~Leeser},
  series    = {LNCS 408},
  pages     = {\mbox{90--105}},
}

@InCollection{Gross87,
  author    = {T.~Gross and A.~Sussman},
  title     = {Mapping a Single-Assignment Language onto the {Warp} Systolic Array},
  booktitle = {Proc.\ Functional Programming Languages and Computer Architecture},
  publisher = {Springer-Verlag},
  year      = {1987},
  editor    = {G.~Kahn},
  series    = {LNCS 274},
  pages     = {\mbox{347--363}},
}

@Article{JRK87,
  author  = {H.~V.~Jagadish and S.~K.~Rao and T.~Kailath},
  title   = {Array Architectures for Iterative Algorithms},
  journal = {Proc.\ IEEE},
  year    = {1987},
  volume  = {75},
  number  = {9},
  pages   = {\mbox{1304--1320}},
  month   = sep,
}

@Article{KMW67,
  author  = {Richard~M.~Karp and Raymond~E.~Miller and Shmuel Winograd},
  title   = {The Organization of Computations for Uniform Recurrence Equations},
  journal = JACM,
  year    = {1967},
  volume  = {14},
  number  = {3},
  pages   = {\mbox{563--590}},
  month   = jul,
}

@Article{LinPr90,
  author = {W.~M.~Lin and V.~K.~{Prasanna Kumar}},
  title  = {A Note on the Linear Transformation Method for Systolic Array Design},
  year   = {1990},
  volume = {\mbox{C-39}},
  number = {3},
  pages  = {\mbox{393--399}},
  month  = mar,
}

@Article{PraTs89,
  author  = {V.~K.~Prasanna~Kumar and Y.-C.~Tsai},
  title   = {Designing Linear Systolic Arrays},
  journal = JPDC,
  year    = {1989},
  volume  = {7},
  number  = {3},
  pages   = {\mbox{441--463}},
  month   = nov,
}

@Article{PraTs90,
  author  = {V.~K.~{Prasanna~Kumar} and Y.-C.~Tsai},
  title   = {Mapping Dynamic Programming onto a Linear Systolic Array},
  journal = JVSP,
  year    = {1990},
  volume  = {1},
  number  = {4},
  pages   = {\mbox{335--344}},
  month   = apr,
}

@InProceedings{Kung79,
  author    = {H.~T.~Kung},
  title     = {Let's Design Algorithms for {VLSI} Systems},
  booktitle = {Proc.\ Caltech Conf.\ on VLSI},
  year      = {1979},
  pages     = {\mbox{65--87}},
}

@InCollection{KunLe80,
  author    = {H.~T.~Kung and C.~E.~Leiserson},
  title     = {Algorithms for {VLSI} Processor Arrays},
  booktitle = {Introduction to VLSI Systems},
  publisher = {Addison-Wesley},
  year      = {1980},
  editor    = {C.~Mead and L.~Conway},
  chapter   = {8.3},
  note      = {Previously published as: Systolic arrays for {VLSI}, in {\em SIAM Sparse Matrix Proceedings}, 1978, \mbox{245--282}.},
}

@Article{Kung82,
  author  = {H.~T.~Kung},
  title   = {Why Systolic Architectures?},
  journal = {Computer},
  year    = {1982},
  volume  = {15},
  number  = {1},
  pages   = {\mbox{37--46}},
  month   = jan,
}

@Article{KunLa84,
  author  = {H.~T.~Kung and M.~S.~Lam},
  title   = {Wafer-Scale Integration and Two-Level Pipelined Implementations},
  journal = JPDC,
  year    = {1984},
  volume  = {1},
  number  = {1},
  pages   = {\mbox{33--63}},
  month   = aug,
}

@Article{KunLo87,
  author  = {S.-Y.~Kung and S.-C.~Lo and P.~S.~Lewis},
  title   = {Optimal Systolic Design for the Transitive Closure and Shortest Path Problems},
  journal = TC,
  year    = {1987},
  volume  = {\mbox{C-36}},
  number  = {5},
  pages   = {\mbox{603--614}},
  month   = may,
}

@Book{Kung88,
  title     = {VLSI Processor Arrays},
  publisher = {Prentice-Hall Int.},
  year      = {1988},
  author    = {Sun-Yuan Kung},
}

@Book{Lam88,
  title     = {A Systolic Array Optimizing Compiler},
  publisher = {Kluwer},
  year      = {1988},
  author    = {M.~Lam},
}

@Book{Tse90,
  title     = {A Systolic Array Parallelizing Compiler},
  publisher = {Kluwer},
  year      = {1990},
  author    = {P.-S. Tseng},
}

@Article{Lam74,
  author  = {Leslie Lamport},
  title   = {The Parallel Execution of {DO} Loops},
  journal = CACM,
  year    = {1974},
  volume  = {17},
  number  = {2},
  pages   = {\mbox{83--93}},
  month   = feb,
}

@Article{LeeKe88,
  author  = {P.~Lee and Z.~Kedem},
  title   = {Synthesizing Linear-Array Algorithms from Nested for Loop Algorithms},
  journal = TC,
  year    = {1988},
  volume  = {\mbox{C-37}},
  number  = {12},
  pages   = {\mbox{1578--1598}},
  month   = dec,
}

@Book{Lis89a,
  title     = {Synthesizing Synchronous Systems by Static Scheduling in Space-Time},
  publisher = {Springer-Verlag},
  year      = {1989},
  author    = {B. Lisper},
  series    = {LNCS 362},
}

@InCollection{Lis89b,
  author    = {B.~Lisper},
  title     = {Single-Assignment Semantics for Imperative Programs},
  booktitle = {Parallel Architectures and Languages Europe (PARLE '89), Vol.~II: Parallel Languages},
  publisher = {Springer-Verlag},
  year      = {1989},
  editor    = {E.~Odijk and M.~Rem and J.-C.~Syre},
  series    = {LNCS 366},
  pages     = {\mbox{321--334}},
}

@Article{Mol83,
  author  = {D.~I.~Moldovan},
  title   = {On the Design of Algorithms for {VLSI} Systolic Arrays},
  journal = {Proc.\ IEEE},
  year    = {1983},
  volume  = {71},
  number  = {1},
  pages   = {\mbox{113--120}},
  month   = jan,
}

@Article{MolFo86,
  author  = {Dan I.~Moldovan and Jos{\'e} A. B. Fortes},
  title   = {Partitioning and Mapping Algorithms into Fixed-Size Systolic Arrays},
  journal = TC,
  year    = {1986},
  volume  = {\mbox{C-35}},
  number  = {1},
  pages   = {\mbox{1--12}},
  month   = jan,
}

@Article{Mol87,
  author  = {D.~I.~Moldovan},
  title   = {{ADVIS}: A Software Package for the Design of Systolic Arrays},
  journal = {IEEE Trans.\ on Computer-Aided Design},
  year    = {1987},
  volume  = {\mbox{CAD-6}},
  number  = {1},
  pages   = {\mbox{33--40}},
  month   = jan,
}

@InProceedings{Qui84,
  author    = {P.~Quinton},
  title     = {Automatic Synthesis of Systolic Arrays from Uniform Recurrent Equations},
  booktitle = {Proc.\ 11th Ann.\ Int.\ Symp.\ on Computer Architecture},
  year      = {1984},
  pages     = {\mbox{208--214}},
  publisher = IEEECS,
}

@InProceedings{ForMo84,
  author    = {J. A. B. Fortes and D. I. Moldovan},
  title     = {Data Broadcasting in Linearly Scheduled Array Processors},
  booktitle = {Proc.\ 11th Ann.\ Int.\ Symp.\ on Computer Architecture},
  year      = {1984},
  pages     = {\mbox{224--231}},
  publisher = IEEECS,
}

@Article{QuiDo89,
  author  = {P.~Quinton and V.~{van Dongen}},
  title   = {The Mapping of Linear Recurrence Equations on Regular Arrays},
  journal = JVSP,
  year    = {1989},
  volume  = {1},
  number  = {2},
  pages   = {\mbox{95--113}},
  month   = oct,
}

@Article{Raj89,
  author  = {S.~V.~Rajopadhye},
  title   = {Synthesizing Systolic Arrays with Control Signals from Recurrence Equations},
  journal = DC,
  year    = {1989},
  volume  = {3},
  pages   = {\mbox{88--105}},
}

@InCollection{Raj90,
  author    = {S.~V.~Rajopadhye},
  title     = {Algebraic Transformations in Systolic Array Synthesis: A Case Study},
  booktitle = {Formal VLSI Specification and Synthesis (VLSI Design Methods-I)},
  publisher = {North-Holland},
  year      = {1990},
  editor    = {L.~J.~M.~Claesen},
  pages     = {\mbox{361--370}},
}

@Article{RajFu90,
  author  = {S.~V.~Rajopadhye and R.~M.~Fujimoto},
  title   = {Synthesizing Systolic Arrays from Recurrence Equations},
  journal = {Parallel Computing},
  year    = {1990},
  volume  = {14},
  number  = {2},
  pages   = {\mbox{163--189}},
  month   = jun,
}

@Article{RFS86,
  author  = {I.~Ramakrishnan and D.~Fussell and A.~Silberschatz},
  title   = {Mapping Homogeneous Graphs on Linear Arrays},
  journal = TC,
  year    = {1986},
  volume  = {\mbox{C-35}},
  number  = {3},
  pages   = {\mbox{189--209}},
  month   = mar,
}

@Article{RamVa84,
  author  = {I.~Ramakrishnan and P.~Varman},
  title   = {Modular Matrix Multiplication on a Linear Array},
  journal = TC,
  year    = {1984},
  volume  = {\mbox{C-33}},
  number  = {11},
  pages   = {\mbox{952--958}},
  month   = nov,
}

@PhdThesis{Rao85,
  author = {Sailesh~K.~Rao},
  title  = {Regular Iterative Algorithms and their Implementations on Processor Arrays},
  school = {Department of Electrical Engineering, Stanford University},
  year   = {1985},
  month  = oct,
}

@Article{RaoKa88,
  author  = {S.~K.~Rao and T.~Kailath},
  title   = {Regular Iterative Algorithms and their Implementations on Processor Arrays},
  journal = {Proc.\ IEEE},
  year    = {1988},
  volume  = {76},
  number  = {3},
  pages   = {\mbox{259--282}},
  month   = mar,
}

@Article{RobTr87,
  author  = {Y.~Robert and D.~Trystram},
  title   = {An Orthogonal Systolic Array for the Algebraic Path Problem},
  journal = {Computing},
  year    = {1987},
  volume  = {39},
  number  = {3},
  pages   = {\mbox{187--199}},
}

@Article{Rote85,
  author  = {G.~Rote},
  title   = {A Systolic Array Algorithm for the Algebraic Path Problem (Shortest Paths; Matrix Inversion)},
  journal = {Computing},
  year    = {1985},
  volume  = {34},
  number  = {3},
  pages   = {\mbox{191--219}},
}

@Book{Schr86,
  title     = {Theory of Linear and Integer Programming},
  publisher = {John Wiley \& Sons},
  year      = {1986},
  author    = {A.~Schrijver},
  series    = {Series in Discrete Mathematics},
}

@Article{ShaFo89,
  author  = {W.~Shang and J.~A.~B.~Fortes},
  title   = {On the Optimality of Linear Schedules},
  journal = JVSP,
  year    = {1989},
  volume  = {1},
  number  = {2},
  pages   = {\mbox{209--220}},
  month   = oct,
}

@Book{Ull84,
  title     = {Computational Aspects of {VLSI}},
  publisher = {Computer Science Press},
  year      = {1984},
  author    = {J.~D.~Ullman},
}

@Article{VarRa86,
  author  = {P.~Varman and I.~Ramakrishnan},
  title   = {Synthesis of an Optimal Family of Matrix Multiplication Algorithms on Linear Arrays},
  journal = TC,
  year    = {1986},
  volume  = {\mbox{C-35}},
  number  = {11},
  pages   = {\mbox{989--996}},
  month   = nov,
}

@InProceedings{WonDe85,
  author    = {Y.~Wong and J.~M.~Delosme},
  title     = {Optimal Systolic Implementations of N-Dimensional Recurrences},
  booktitle = {Proc.\ IEEE Int.\ Conf.\ on Computer Design (ICCD 85)},
  year      = {1985},
  pages     = {\mbox{618--621}},
  publisher = {IEEE Press},
  note      = {Also: Technical Report 8810, Department of Computer Science, Yale University, 1988},
}

@InProceedings{WonDe88,
  author    = {Y.~Wong and J.-M.~Delosme},
  title     = {Broadcast Removal in Systolic Algorithms},
  booktitle = {Proc.\ Int.\ Conf.\ on Systolic Arrays},
  year      = {1988},
  editor    = {K.~Bromley and S.-Y.~Kung and E.~E. Swartzlander},
  pages     = {\mbox{403--412}},
  publisher = {IEEE Computer Society},
}

@Article{WonDe92,
  author  = {Y.~Wong and J.~M.~Delosme},
  title   = {Transformation of Broadcasts to Propagations in Systolic Algorithms},
  journal = JPDC,
  year    = {1992},
  volume  = {14},
  number  = {2},
  pages   = {\mbox{121--145}},
  month   = feb,
}

@Article{YaaCa89,
  author  = {Y.~Yaacoby and P.~R.~Cappello},
  title   = {Scheduling a System of Nonsingular Affine Recurrence Equations onto a Processor Array},
  journal = JVSP,
  year    = {1989},
  volume  = {1},
  number  = {2},
  pages   = {\mbox{115--125}},
}

@Book{Zim81,
  title     = {Linear and Combinatorial Optimization in Ordered Algebraic Structures},
  publisher = {North-Holland},
  year      = {1981},
  author    = {U.~Zimmermann},
  series    = {Annals of Discrete Mathematics 10},
}

@Article{Cap92a,
  author  = {P.~R.~Cappello},
  title   = {A Processor-Time-Minimal Systolic Array for Cubical Mesh Algorithms},
  journal = TPDS,
  year    = {1992},
  volume  = {3},
  number  = {1},
  pages   = {\mbox{4--13}},
  month   = jan,
}

@InCollection{Fer89,
  author    = {A. Fern\'{a}ndez and J.~M. Llaber\'{\i}a and J.~J. Navarro},
  title     = {On the Use of Systolic Algorithms For Programming Distributed Memory Multiprocessors},
  booktitle = {Systolic Array Processors},
  publisher = {Prentice-Hall},
  year      = {1989},
  editor    = {J.~V. McCanny and J.~McWhirter and E.~E. Swartzlander},
  pages     = {\mbox{631--640}},
}

@InCollection{Raj88,
  author    = {S.~V.~Rajopadhye},
  title     = {{I/O} Behavior of Systolic Arrays},
  booktitle = {{VLSI} Signal Processing III},
  publisher = {IEEE Press},
  year      = {1988},
  editor    = {R.~Brodersen and H.~Moscovitz},
  pages     = {\mbox{423--434}},
}

@Article{ChoCu84,
  author  = {C.~Choffrut and K.~Culik},
  title   = {On Real-Time Cellular Automata and Trellis Automata},
  journal = AI,
  year    = {1984},
  volume  = {21},
  pages   = {\mbox{393--407}},
}

@InCollection{LipLo87,
  author    = {R.~Lipton and D.~Lopresti},
  title     = {Comparing Long Strings on a Short Systolic Array},
  booktitle = {Systolic Arrays},
  publisher = {Adam Hilger},
  year      = {1987},
  editor    = {W.~Moore and A.~McCabe and R.~Urquart},
  pages     = {\mbox{181--190}},
}

@InCollection{Gru84,
  author    = {J.~Gruska},
  title     = {Systolic Automata: Power, Characterization, Nonhomogeneity},
  booktitle = {Proc.\ Mathematical Foundations of Computer Science (MFCS '84)},
  publisher = {Springer-Verlag},
  year      = {1984},
  editor    = {M.~P.\ Chytil and V.~Koubek},
  series    = {LNCS 176},
  pages     = {\mbox{32--49}},
}

@Article{Gru90,
  author  = {J.~Gruska},
  title   = {Synthesis, Structure and Power of Systolic Computations},
  journal = {Theoretical Computer Science},
  year    = {1990},
  volume  = {71},
  pages   = {\mbox{47--77}},
}

@Article{FacNa88,
  author  = {E.~Fachini and M.~Napoli},
  title   = {C-Tree Systolic Automata},
  journal = {Theoretical Computer Science},
  year    = {1988},
  volume  = {56},
  pages   = {\mbox{155--186}},
}

@Article{CulCh84,
  author  = {K.~{Culik II} and C.~Choffrut},
  title   = {On Real-Time Cellular Automata and Trellis Automata},
  journal = AI,
  year    = {1984},
  volume  = {21},
  pages   = {\mbox{393--407}},
}

@Article{CGS83,
  author  = {K.~{Culik II} and J.~Gruska and A.~Salomaa},
  title   = {Systolic Automata for {VLSI} on Balanced Trees},
  journal = AI,
  year    = {1983},
  volume  = {18},
  pages   = {\mbox{335--344}},
}

@Article{CGS84a,
  author  = {K.~{Culik II} and J.~Gruska and A.~Salomaa},
  title   = {Systolic Trellis Automata, {Part I}},
  journal = {Int.\ J.~Computer Math.},
  year    = {1984},
  volume  = {15},
  pages   = {\mbox{195--212}},
}

@Article{CGS84b,
  author  = {K.~{Culik II} and J.~Gruska and A.~Salomaa},
  title   = {Systolic Trellis Automata, {Part II}},
  journal = {Int.\ J.~Computer\ Math.},
  year    = {1984},
  volume  = {16},
  pages   = {\mbox{3--22}},
}

@Article{CGS86,
  author  = {K.~{Culik II} and J.~Gruska and A.~Salomaa},
  title   = {Systolic Trellis Automata: Stability, Decidability and Complexity},
  journal = {Information and Control},
  year    = {1986},
  volume  = {71},
  pages   = {\mbox{218--230}},
}

@Article{WagFi84,
  author  = {R. A. Wagner and M. J. Fischer},
  title   = {The String-to-String Correction Problem},
  journal = JACM,
  year    = {1976},
  volume  = {21},
  number  = {1},
  pages   = {\mbox{168--173}},
  month   = jan,
}

@InCollection{DelIp86c,
  author    = {J.-M.~Delosme and I.~C.~F.~Ipsen},
  title     = {Efficient Systolic Arrays for the Solution of {Toeplitz} Systems: An Illustration of a Methodology for the Construction of Systolic Architectures for {VLSI}},
  booktitle = {Systolic Arrays},
  publisher = {Adam Hilger},
  year      = {1987},
  editor    = {W.~Moore and A.~McCabe and R.~Urquart},
  pages     = {\mbox{37--46}},
}

@Article{DelIp86a,
  author  = {J.-M.~Delosme and I.~C.~F.~Ipsen},
  title   = {Parallel Solution of Symmetric Positive Definite Systems with Hyperbolic Rotations},
  journal = {Linear Algebra and Its Applications},
  year    = {1986},
  volume  = {77},
  number  = {1},
  pages   = {\mbox{75--111}},
  month   = may,
}

@Article{SchwTh87,
  author  = {U.~Schwiegelshohn and L.~Thiele},
  title   = {A Systolic Array for Cyclic-by-Rows {Jacobi} Algorithms},
  journal = JPDC,
  year    = {1987},
  volume  = {4},
  pages   = {\mbox{334--340}},
}

@Article{LiWah85,
  author  = {G.~J.~Li and B.~W.~Wah},
  title   = {The Design of Optimal Systolic Algorithms},
  journal = TC,
  year    = {1985},
  volume  = {C-34},
  number  = {10},
  pages   = {\mbox{66--77}},
  month   = jan,
}

@Article{Lang86,
  author  = {H.~W.~Lang},
  title   = {The Instruction Systolic Array -- A Parallel Architecture for {VLSI}},
  journal = {INTEGRATION},
  year    = {1986},
  volume  = {4},
  pages   = {\mbox{65--74}},
}

@Book{NemWo88,
  title     = {Integer and Combinatorial Optimization},
  publisher = {John Wiley \& Sons},
  year      = {1988},
  author    = {G.~L.~Nemhauser and L.~A.~Wolsey},
  series    = {Interscience Series in Discrete Mathematics and Optimization},
}

@InProceedings{HwaCh81,
  author    = {K.~Hwang and Y.~H.~Chung},
  title     = {Partitioned Algorithms and {VLSI} Structures for Large-Scale Matrix Computations},
  booktitle = {Proc.\ Symp.\ on Computing Arithmetic},
  year      = {1981},
  pages     = {\mbox{222--232}},
}

@Article{Wol88,
  author  = {M. Wolfe},
  title   = {Multiprocessor Synchronization for Concurrent Loops},
  journal = {IEEE Software},
  year    = {1988},
  pages   = {\mbox{34--42}},
  month   = jan,
}

@Book{Wol89,
  title     = {Optimizing Supercompilers for Supercomputers},
  publisher = {MIT Press},
  year      = {1989},
  author    = {Michael Wolfe},
  series    = {Research Monographs in Parallel and Distributed Computing},
}

@Article{PadWo86,
  author  = {David A. Padua and Michael J. Wolfe},
  title   = {Advanced Compiler Optimizations for Supercomputers},
  journal = CACM,
  year    = {1986},
  volume  = {29},
  number  = {12},
  pages   = {\mbox{1184--1201}},
  month   = dec,
}

@PhdThesis{Rib90a,
  author = {H. B. Ribas},
  title  = {Automatic Generation of Systolic Programs from Nested Loops},
  school = {Department of Computer Science, Carnegie-Mellon University},
  year   = {1990},
  month  = jun,
  note   = {Technical Report CMU-CS-90-143},
}

@InProceedings{LMQ90,
  author    = {H. {Le Verge} and C. Mauras and P. Quinton},
  title     = {A Language-Oriented Approach to the Design of Systolic Chips},
  booktitle = {International Workshop on Algorithms and Parallel VLSI Architectures, Vol.~A: Tutorials},
  year      = {1990},
  editor    = {E.~F. Deprettere and A.-J. van der Veen},
  pages     = {\mbox{309--327}},
  publisher = {Elsevier (North-Holland)},
}

@Article{LMQ91,
  author  = {Herv{{\'e}} {Le Verge} and Christophe Mauras and Patrice Quinton},
  title   = {The {ALPHA} Language and Its Use for the Design of Systolic Arrays},
  journal = JVSP,
  year    = {1991},
  volume  = {3},
  pages   = {\mbox{173--182}},
}

@InCollection{GMQS89,
  author    = {P.~Gachet and C.~Mauras and P.~Quinton and Y.~Saouter},
  title     = {A Language for the Design of Regular Parallel Algorithms},
  booktitle = {Hypercube and Distributed Computers},
  publisher = {Elsevier (North-Holland)},
  year      = {1989},
  editor    = {F.~Andr\'{e} and J.~P. Verjus},
  pages     = {\mbox{189--202}},
}

@InCollection{MonPe87,
  author    = {C. Mongenet and G.-R. Perrin},
  title     = {Synthesis of Systolic Arrays for Inductive Problems},
  booktitle = {Parallel Architectures and Languages Europe (PARLE '87), Vol.~I: Parallel Architectures},
  publisher = {Springer-Verlag},
  year      = {1987},
  editor    = {J. W. {de Bakker} and A. J. Nijman and P. C. Treleaven},
  series    = {LNCS 258},
  pages     = {\mbox{260--277}},
}

@Article{ForRa85,
  author  = {J. A. B. Fortes and C. S. Raghavendra},
  title   = {Gracefully Degradable Processor Arrays},
  journal = TC,
  year    = {1985},
  volume  = {C-34},
  number  = {11},
  pages   = {\mbox{1033--1044}},
  month   = nov,
}

@InCollection{MQRS90,
  author    = {C. Mauras and P. Quinton and S. Rajopadhye and Y. Saouter},
  title     = {Scheduling Affine Parameterized Recurrences by means of Variable Dependent Timing Functions},
  booktitle = {Application Specific Array Processors},
  publisher = IEEECS,
  year      = {1990},
  editor    = {S.~Y. Kung and E.~E. Swartzlander},
  pages     = {\mbox{100--110}},
}

@TechReport{SaoQu90,
  author      = {Y. Saouter and P. Quinton},
  title       = {Computability of Recurrence Equations},
  institution = {IRISA (INRIA-Rennes)},
  year        = {1990},
  number      = {1203},
  month       = apr,
  note        = {To appear in {\em Theoretical Computer Science 97}, Aug.\ 1992},
}

@PhdThesis{Joi87,
  author = {B. Joinnault},
  title  = {Conception d'algorithmes et d'architectures systoliques},
  school = {l'Universit\'{e} de Rennes I},
  year   = {1987},
  month  = sep,
}

@InCollection{Qui87,
  author    = {Patrice Quinton},
  title     = {The Systematic Design of Systolic Arrays},
  booktitle = {Automata Networks in Computer Science},
  publisher = {Manchester University Press},
  year      = {1987},
  editor    = {Fran\c{c}oise F. Souli{\'e} and Yves Robert and Maurice Tchuent{\'e}},
  chapter   = {9},
  pages     = {\mbox{229--260}},
  note      = {Also: Technical Reports 193 and 216, IRISA (INRIA-Rennes), 1983},
}

@Article{BQRST90,
  author  = {A.~Benaini and P.~Quinton and Y.~Robert and B.~Tourancheau},
  title   = {Synthesis of a New Systolic Architecture for the Algebraic Path Problem},
  journal = SCP,
  year    = {1990},
  volume  = {15},
  number  = {\mbox{2--3}},
  pages   = {\mbox{135--158}},
  month   = dec,
}

@Article{BenRo90,
  author  = {A.~Benaini and Y.~Robert},
  title   = {Spacetime-Minimal Systolic Architectures for {Gaussian} Elimination and the Algebraic Path Problem},
  journal = PC,
  year    = {1990},
  volume  = {15},
  number  = {1},
  pages   = {\mbox{211--226}},
}

@InCollection{Del89,
  author    = {J.-M. Delosme},
  title     = {A Parallel Algorithm for the Algebraic Path Problem},
  booktitle = {Parallel \& Distributed Algorithms},
  publisher = {North-Holland},
  year      = {1989},
  editor    = {M.~Cosnard and Y.~Robert and P.~Quinton and M.~Raynal},
  pages     = {\mbox{67--78}},
}

@Article{ScheCa92,
  author  = {C.~J. Scheiman and P.~R. Cappello},
  title   = {A Processor-Time Minimal Systolic Array for Transitive Closure},
  journal = TPDS,
  year    = {1992},
  volume  = {3},
  number  = {3},
  pages   = {\mbox{257--269}},
  month   = may,
}

@Article{KeanGr90,
  author  = {T. A.~Kean and J. P.~Gray},
  title   = {Configurable Hardware: Two Case Studies of Micro-Grain Computation},
  journal = JVSP,
  year    = {1990},
  volume  = {2},
  number  = {1},
  pages   = {\mbox{9--16}},
  month   = sep,
}

@InProceedings{FenHu91,
  author    = {H.~A.~Fencl and C.-H.~Huang},
  title     = {On the Synthesis of Programs for Various Parallel Architectures},
  booktitle = {Proc.\ Int.\ Conf.\ on Parallel Processing (ICPP), Vol.~II: Software},
  year      = {1991},
  editor    = {H.~D. Schwetman},
  pages     = {\mbox{202--206}},
  publisher = {CRC Press},
}

@PhdThesis{Ram90,
  author = {J. Ramanujam},
  title  = {Compile-Time Techniques for Parallel Execution of Loops on Distributed Memory Multiprocessors},
  school = {Department of Computer and Information Science, The Ohio State University},
  year   = {1990},
  month  = sep,
}

@Book{Rock70,
  title     = {Convex Analysis},
  publisher = {Princeton University Press},
  year      = {1970},
  author    = {R.~T.~Rockafellar},
}

@Book{Lang87,
  title     = {Linear Algebra},
  publisher = {Springer-Verlag},
  year      = {1987},
  author    = {S.~Lang},
  series    = {Undergraduate Texts in Mathematics},
  edition   = {3rd},
}

@InCollection{LeVQu91,
  author    = {H.~{Le Verge} and P.~Quinton},
  title     = {The Palindrome Systolic Array Revisited},
  booktitle = {Research Directions in High-Level Parallel Programming Languages},
  publisher = {Springer-Verlag},
  year      = {1992},
  editor    = {J.-P.~Ban{\^a}tre and D.~Le M{\'e}tayer},
  series    = {LNCS 574},
  pages     = {\mbox{298--308}},
}

@Article{CalKe89,
  author  = {D.~Callahan and K.~Kennedy},
  title   = {Compiling Programs for Distributed-Memory Processors},
  journal = {J. Supercomputing},
  year    = {1989},
  volume  = {2},
  number  = {2},
  pages   = {\mbox{151--169}},
  month   = oct,
}

@TechReport{PinRo90,
  author      = {K.~Pingali and A.~Rogers},
  title       = {Compiler Parallelization of {SIMPLE} for a Distributed Memory Machine},
  institution = {Department of Computer Science, Cornell University},
  year        = {1990},
  number      = {TR 90-1084},
  month       = jan,
}

@TechReport{SMC90,
  author      = {J.~H.~Saltz and R.~Mirchandaney and K.~Crowley},
  title       = {Run-Time Parallelization and Scheduling of Loops},
  institution = {Institute for Computer Applications in Science and Engineering, NASA Langley Research Center},
  year        = {1990},
  number      = {ICASE 90-34},
  month       = may,
}

@InCollection{BDD90,
  author    = {J.~Bu and E.~F.~Deprettere and P.~Dewilde},
  title     = {A Design Methodology for Fixed-Size Systolic Arrays},
  booktitle = {Application Specific Array Processors},
  publisher = IEEECS,
  year      = {1990},
  editor    = {S.~Y. Kung and E.~E. Swartzlander},
  pages     = {\mbox{591--602}},
}

@InProceedings{RamSa89,
  author    = {J. Ramanujam and P. Sadayappan},
  title     = {A Methodology for Parallelizing Programs for Multicomputers and Complex Memory Multiprocessors},
  booktitle = {Supercomputing '89},
  year      = {1989},
  pages     = {\mbox{637--646}},
  publisher = {ACM Press},
}

@InProceedings{Rib90b,
  author    = {H. B. Ribas},
  title     = {Obtaining dependence Vectors for Nested-Loop Computations},
  booktitle = {Proc.\ 1990 Int.\ Conf.\ on Parallel Processing, Vol.~II},
  year      = {1990},
  pages     = {\mbox{212--219}},
  publisher = {Pennsylvania State University Press},
}

@InCollection{Sei90a,
  author    = {C. E. Seitz},
  title     = {Multicomputers},
  booktitle = {Developments in Concurrency and Communication},
  publisher = {Addison-Wesley},
  year      = {1990},
  editor    = {C. A. R. Hoare},
  chapter   = {5},
  pages     = {\mbox{131--200}},
}

@InCollection{Sei90b,
  author    = {C. L. Seitz},
  title     = {Concurrent Architectures},
  booktitle = {VLSI and Parallel Computation},
  publisher = {Morgan Kaufmann},
  year      = {1990},
  editor    = {R. Suaya and G. Birtwhistle},
  pages     = {\mbox{1--84}},
}

@InCollection{Dal90,
  author    = {W. Dally},
  title     = {Network and Processor Architecture for Message-Driven Computers},
  booktitle = {VLSI and Parallel Computation},
  publisher = {Morgan Kaufmann},
  year      = {1990},
  editor    = {R. Suaya and G. Birtwhistle},
  pages     = {\mbox{140--222}},
}

@Article{Dar91,
  author  = {Alain Darte},
  title   = {Regular Partitioning for Synthesizing Fixed-Size Systolic Arrays},
  journal = {INTEGRATION},
  year    = {1991},
  volume  = {12},
  number  = {3},
  pages   = {\mbox{293--304}},
  month   = dec,
}

@Article{CMP92,
  author  = {Philippe Clauss and Catherine Mongenet and Guy-Ren{\'e} Perrin},
  title   = {Calculus of Space-Optimal Mappings of Systolic Algorithms on Processor Arrays},
  journal = JVSP,
  year    = {1992},
  volume  = {4},
  number  = {1},
  pages   = {\mbox{27--36}},
  month   = feb,
}

@PhdThesis{Hug91,
  author = {R. P. Hughey},
  title  = {Programmable Systolic Arrays},
  school = {Department of Computer Science, Brown University},
  year   = {1991},
  month  = may,
  note   = {Technical Report CS-91-34},
}

@InCollection{GrayKe89,
  author    = {J. P. Gray and T. A. Kean},
  title     = {Configurable Hardware: A New Paradigm for Computation},
  booktitle = {Advanced Research in VLSI},
  publisher = {MIT Press},
  year      = {1989},
  editor    = {C. L. Seitz},
}

@Book{Xilinx,
  title     = {The Programmable Gate Array Data Book},
  publisher = {{Xilinx, Inc.}},
  year      = {1991},
  author    = {{Xilinx, Inc.}},
}

@InCollection{ZhoRa91,
  author    = {X. Zhong and S. Rajopadhye},
  title     = {Deriving Fully Efficient Systolic Arrays by Quasi-Linear Allocation Functions},
  booktitle = {Parallel Architectures and Languages Europe (PARLE '91), Vol.~I: Parallel Architectures and Algorithms},
  publisher = {Springer-Verlag},
  year      = {1991},
  editor    = {E.~H.~L. Aarts and J.~van Leeuwen and M.~Rem},
  series    = {LNCS 505},
  pages     = {\mbox{219--235}},
}

@Book{Altera,
  title     = {Data Book},
  publisher = {Altera Corporation},
  year      = {1990},
  author    = {{Altera Corporation}},
}

@TechReport{WonDe89a,
  author      = {Y.~Wong and J.~M.~Delosme},
  title       = {Optimization of Computation Time for Systolic Arrays},
  institution = {Department of Computer Science, Yale University},
  year        = {1989},
  number      = {YALEU/DCS/RR-651},
  month       = may,
}

@TechReport{WonDe89b,
  author      = {Y.~Wong and J.~M.~Delosme},
  title       = {Optimization of Processor Count for Systolic Arrays},
  institution = {Department of Computer Science, Yale University},
  year        = {1989},
  number      = {YALEU/DCS/RR-697},
  month       = may,
}

@InProceedings{Omt88,
  author    = {E. T. L. Omtzigt},
  title     = {Systars: A {CAD} Tool for the Synthesis and Analysis of {VLSI} Systolic/Wavefront Arrays},
  booktitle = {Proc.\ Int.\ Conf.\ on Systolic Arrays},
  year      = {1988},
  editor    = {K.~Bromley and S.-Y.~Kung and E.~E. Swartzlander},
  pages     = {\mbox{383--391}},
  publisher = {IEEE Computer Society},
}

@InProceedings{AnnDe88,
  author    = {J. Annevelink and P. Dewilde},
  title     = {{HIFI}: A Functional Design System for {VLSI} Processing Arrays},
  booktitle = {Proc.\ Int.\ Conf.\ on Systolic Arrays},
  year      = {1988},
  editor    = {K.~Bromley and S.-Y.~Kung and E.~E. Swartzlander},
  pages     = {\mbox{413--452}},
  publisher = {IEEE Computer Society},
}

@InProceedings{LHDD90,
  author    = {A. A. J. {de Lange} and A. J. {van der Hoeven} and F. Deprettere and P. M. Dewilde},
  title     = {{HIFI}: An Object-Oriented System for the Structural Synthesis of Signal Processing Algorithms and the {VLSI} Compilation of Signal Flow Graphs},
  booktitle = {Formal {VLSI} Specification and Synthesis},
  year      = {1990},
  editor    = {L. J. M. Claesen},
  pages     = {\mbox{321--340}},
  publisher = NH,
}

@InCollection{Bax90,
  author    = {B. Baxter and G. Cox and T. Gross and H. T. Kung and D. O'Hallaron and C. Peterson and J. Webb and P. Wiley},
  title     = {Building Blocks for a New Generation of Application-Specific Computing Systems},
  booktitle = {Application Specific Array Processors},
  publisher = IEEECS,
  year      = {1990},
  editor    = {S.~Y. Kung and E.~E. Swartzlander},
  pages     = {\mbox{190--201}},
}

@Article{ClaWi91,
  author  = {Lyndon J. Clarke and G. V. Wilson},
  title   = {Tiny: An Efficient Routing Harness for the {INMOS} transputer},
  journal = {Concurrency: Practice and Experience},
  year    = {1991},
  volume  = {3},
  number  = {3},
  month   = jun,
}

@Article{TeiTh91,
  author  = {J{{\"u}}rgen Teich and Lothar Thiele},
  title   = {Control Generation in the Design of Processor Arrays},
  journal = JVSP,
  year    = {1991},
  volume  = {3},
  number  = {1--2},
  pages   = {\mbox{77--92}},
  month   = jun,
}

@InCollection{LJS89,
  author    = {W. Luk and G. Jones and M. Sheeran},
  title     = {Computer-Based Tools for Regular Array Design},
  booktitle = {Systolic Array Processors},
  publisher = {Prentice Hall},
  year      = {1989},
  editor    = {J.~V. McCanny and J. McWirther and E.~E. Swartzlander},
  pages     = {\mbox{589--598}},
}

@Article{Lin91,
  author  = {Y.-C. Lin},
  title   = {An {FP}-Based Tool for the Synthesis of Regular Array Algorithms},
  journal = {Parallel Computing},
  year    = {1991},
  volume  = {17},
  number  = {4/5},
  pages   = {\mbox{457--470}},
  month   = jul,
}

@Article{ShaFo91,
  author  = {W. Shang and W. A. B. Fortes},
  title   = {Time Optimal Linear Schedules for Algorithms with Uniform Dependences},
  journal = TC,
  year    = {1991},
  volume  = {\mbox{C-40}},
  pages   = {\mbox{723--742}},
  month   = jun,
  issue   = {6},
}

@InProceedings{ShaFo90,
  author    = {W. Shang and W. A. B. Fortes},
  title     = {Time-Optimal and Conflict-Free Mappings of Uniform Dependences Algorithms into Lower Dimensional Processor Arrays},
  booktitle = ICPP,
  year      = {1990},
  editor    = {D.~A. Padua},
  volume    = I,
  pages     = {\mbox{101--110}},
  publisher = {Pennsylvania State University Press},
}

@InCollection{Luk90,
  author    = {W. Luk},
  title     = {Analysing Parameterised Designs by Non-Standard Interpretation},
  booktitle = {Application Specific Array Processors},
  publisher = IEEECS,
  year      = {1990},
  editor    = {S.~Y. Kung and E.~E. Swartzlander},
  pages     = {\mbox{133--144}},
}

@Article{MarTu88,
  author  = {A. R. Martin and J. V. Tucker},
  title   = {The Concurrent Assignment Representation of Synchronous Systems},
  journal = {Parallel Computing},
  year    = {1988},
  volume  = {9},
  number  = {2},
  pages   = {\mbox{227--256}},
}

@InCollection{IriTr89,
  author    = {F. Irigoin and R. Triolet},
  title     = {Dependence Approximation and Global Parallel Code Generation for Nested Loops},
  booktitle = {Parallel \& Distributed Algorithms},
  publisher = {North-Holland},
  year      = {1989},
  editor    = {M.~Cosnard and Y.~Robert and P.~Quinton and M.~Raynal},
  pages     = {\mbox{297--308}},
}

@InCollection{EisJa89,
  author    = {C. Eisenbeis and W. Jalby},
  title     = {Static Dependence Analysis and Control for Loop Scheduling},
  booktitle = {Parallel \& Distributed Algorithms},
  publisher = {North-Holland},
  year      = {1989},
  editor    = {M.~Cosnard and Y.~Robert and P.~Quinton and M.~Raynal},
  pages     = {\mbox{329--341}},
}

@Book{Ban88,
  title     = {Dependence Analysis for Supercomputing},
  publisher = {Kluwer},
  year      = {1988},
  author    = {U.~Banerjee},
  series    = {The Kluwer Int.\ Series in Engineering and Computer Science: Parallel Processing and Fifth Generation Computing},
}

@Book{Kuck78,
  title     = {The Structure of Computers and Computations},
  publisher = {John Wiley \& Sons},
  year      = {1978},
  author    = {D. J. Kuck},
}

@InCollection{VNLV90,
  author    = {M. {Valero-Garc\'{\i}a} and J. J. Navarro and J. M. Llaber\'{\i}a and M. Valeo},
  title     = {Implementation of Systolic Algorithms Using Pipelined Functional Units},
  booktitle = {Application Specific Array Processors},
  publisher = IEEECS,
  year      = {1990},
  editor    = {S.~Y. Kung and E.~E. Swartzlander},
  pages     = {\mbox{272--283}},
}

@Article{VNLVL92,
  author  = {M. {Valero-Garc\'{\i}a} and J. J. Navarro and J. M. Llaber\'{\i}a and M. Valeo and T.~Lang},
  title   = {A Method for Implementation of One-Dimensional Systolic Algorithms with Data Counterflow Using Pipelined Functional Units},
  journal = JVSP,
  year    = {1992},
  volume  = {4},
  number  = {1},
  pages   = {\mbox{7--25}},
  month   = feb,
}

@Book{Hil85,
  title     = {The Connection Machine},
  publisher = {MIT Press},
  year      = {1985},
  author    = {W. D. Hillis},
}

@InProceedings{Red73,
  author    = {S. F. Reddaway},
  title     = {{DAP} -- A Distributed Array Processor},
  booktitle = {Proc.\ 1st Ann.\ Int.\ Symp.\ on Computer Architecture},
  year      = {1973},
  pages     = {\mbox{61--65}},
  publisher = IEEECS,
}

@Book{Had61,
  title     = {Linear Algebra},
  publisher = {Addison-Wesley},
  year      = {1961},
  author    = {G. Hadley},
  series    = {Series in Industrial Management},
}

@Book{Lay82,
  title     = {Convex Sets and Their Applications},
  publisher = {John Wiley \& Sons},
  year      = {1982},
  author    = {S. Lay},
  series    = {Series in Pure and Applied Mathematics},
}

@InCollection{BenTc89,
  author    = {A.~Benaini and M.~Tchuente},
  title     = {Matrix Product on Modular Linear Systolic Arrays},
  booktitle = {Parallel \& Distributed Algorithms},
  publisher = {North-Holland},
  year      = {1989},
  editor    = {M.~Cosnard and Y. Robert and P. Quinton and M. Raynal},
  pages     = {\mbox{79--88}},
}

@Article{CFQ86,
  author  = {F. Charot and P. Frison and P. Quinton},
  title   = {Systolic Architectures for Speech Recognition},
  journal = TASSP,
  year    = {1986},
  volume  = {\mbox{ASSP-34}},
  pages   = {\mbox{765--779}},
}

@InCollection{Hel83,
  author    = {D. Heller},
  title     = {Partitioning Big Matrices for Small Systolic Arrays},
  booktitle = {{VLSI} and Modern Signal Processing},
  publisher = {Prentice Hall},
  year      = {1985},
  editor    = {S.-Y. Kung and H. J. Whitehouse and T. Kailath},
}

@Article{NuVal89,
  author  = {F.~J.~N{\'u}{\~n}ez and M.~Valero},
  title   = {A Block Algorithm and Optimal Fixed-Size Systolic Array Processor for the Algebraic Path Problem},
  journal = JVSP,
  year    = {1991},
  volume  = {1},
  number  = {2},
  pages   = {\mbox{153--162}},
  month   = {October},
}

@Article{IKP86,
  author  = {O.~H.~Ibarra and S.~M.~Kim and M.~A.~Palis},
  title   = {Designing Systolic Algorithms Using Sequential Machines},
  journal = TC,
  year    = {1991},
  volume  = {\mbox{C-35}},
  pages   = {\mbox{531--542}},
  month   = jun,
  issue   = {6},
}

@Article{LeeKe90,
  author  = {P.~Lee and Z.~M.~Kedem},
  title   = {On High-Speed Computing with a Programmable Linear Array},
  journal = {J.\ Supercomputing},
  year    = {1990},
  volume  = {4},
  pages   = {\mbox{223--249}},
}

@Article{SLY90,
  author  = {Z. Shen and Z. Li and P.-.C. Yew},
  title   = {An Empirical Study of {FORTRAN} Programs for Parallelizing Compilers},
  journal = TPDS,
  year    = {1990},
  volume  = {1},
  number  = {3},
  pages   = {\mbox{356--364}},
  month   = jul,
}

@Article{WolLa91,
  author  = {Michael Wolf and Monica Lam},
  title   = {A Loop Transformation Theory and an Algorithm to Maximize Parallelism},
  journal = TPDS,
  year    = {1991},
  volume  = {2},
  number  = {4},
  pages   = {452--471},
  month   = oct,
}

@TechReport{LuCh90,
  author      = {L.-C. Lu and M. Chen},
  title       = {New Loop Transformation Techniques for Massive Parallelism},
  institution = {Department of Computer Science, Yale University},
  year        = {1990},
  number      = {YALEU/DCS/TR-833},
  month       = oct,
}

@InProceedings{AncIr91,
  author    = {Corinne Ancourt and Fran\c{c}ois Irigoin},
  title     = {Scanning Polyhedra with {DO} Loops},
  booktitle = PPoPP,
  year      = {1991},
  pages     = {\mbox{39--50}},
  publisher = {ACM Press},
}

@Manual{TMC91,
  title        = {The Connection Machine {CM-5}, Technical Summary},
  organization = {Thinking Machines Corporation},
  month        = oct,
  year         = {1991},
}

@InCollection{Ban91,
  author    = {U. Banerjee},
  title     = {Unimodular Transformations of Double Loops},
  booktitle = {Advances in Languages and Compilers for Parallel Processing},
  publisher = {{MIT} Press},
  year      = {1991},
  editor    = {A.~Nicolau and D.~Gelernter and T.~Gross and D.~Padua},
  chapter   = {10},
  pages     = {\mbox{192--219}},
}

@InProceedings{Cyt86,
  author    = {R. Cytron},
  title     = {{DOACROSS}: Beyond Vectorization for Multiprocessors},
  booktitle = ICPP,
  year      = {1986},
  pages     = {\mbox{836--844}},
  month     = aug,
  publisher = {Pennsylvania State University Press},
  note      = {Extended Abstract},
}

@InProceedings{Cyt87,
  author    = {R. Cytron},
  title     = {Limited Processor Scheduling of {DOACROSS} Loops},
  booktitle = ICPP,
  year      = {1987},
  pages     = {\mbox{226--234}},
  month     = aug,
  publisher = {Pennsylvania State University Press},
}

@Article{AllKe87,
  author  = {John R. Allen and Ken Kennedy},
  title   = {Automatic Translation of {FORTRAN} Programs to Vector Form},
  journal = TOPLAS,
  year    = {1987},
  volume  = {9},
  number  = {4},
  pages   = {\mbox{491--542}},
  month   = oct,
}

@InProceedings{YanCh91,
  author    = {J. A. Yang and Y.-I. Choo},
  title     = {Parallel-Program Transformation Using A Metalanguage},
  booktitle = PPoPP,
  year      = {1991},
  pages     = {\mbox{11--20}},
  publisher = {ACM Press},
}

@InProceedings{Fea89,
  author    = {Paul Feautrier},
  title     = {Semantical Analysis and Mathematical Programming},
  booktitle = {Parallel \& Distributed Algorithms},
  year      = {1989},
  editor    = {M.~Cosnard and Y.~Robert and P.~Quinton and M.~Raynal},
  pages     = {\mbox{309--320}},
  publisher = {North-Holland},
}

@TechReport{Iri88a,
  author      = {F.~Irigoin},
  title       = {Code Generation for the Hyperplane Method and for Loop Interchange},
  institution = {Ecole Normale Sup{\'e}rieure des Mines de Paris},
  year        = {1988},
  number      = {ENSMP-CAI-88-E102/CAI/I},
  month       = oct,
}

@TechReport{Iri88b,
  author      = {F.~Irigoin},
  title       = {Loop Reordering with Dependence Direction Vectors},
  institution = {Ecole Normale Sup{\'e}rieure des Mines de Paris},
  year        = {1988},
  number      = {EMP-CAI-I A/184},
  month       = nov,
}

@TechReport{IJT90,
  author      = {Fran\c{c}ois Irigoin and Pierre Jouvelot and R{\'e}mi Triolet},
  title       = {Overview of the {PIPS} Project},
  institution = {Ecole Normale Sup{\'e}rieure des Mines de Paris},
  year        = {1990},
  number      = {EMP-CAI-I A/197},
  month       = dec,
}

@TechReport{IriTr87,
  author      = {F.~Irigoin and R.~Triolet},
  title       = {Computing Dependence Direction Vectors and Dependence Cones with Linear Systems},
  institution = {Ecole Normale Sup{\'e}rieure des Mines de Paris},
  year        = {1987},
  number      = {ENSMP-CAI-87-E94},
  month       = sep,
}

@Book{Zima90,
  title     = {Supercompilers for Parallel and Vector Computers},
  publisher = {Addison-Wesley (ACM Press)},
  year      = {1990},
  author    = {Hans Zima and Barbara Chapman},
  series    = {Frontier Series},
}

@PhdThesis{Ger89,
  author = {H. M. Gerndt},
  title  = {Automatic Parallelization for Distributed-Memory Multiprocessing Systems},
  school = {University of Bonn},
  year   = {1989},
  note   = {Technical Report ACPC/TR 90-1, Austrian Center for Parallel Computation},
}

@InCollection{GerZi88,
  author    = {H. M. Gerndt and H. P. Zima},
  title     = {{MIMD}-Parallelization for {SUPRENUM}},
  booktitle = {Supercomputing '87},
  publisher = {Springer-Verlag},
  year      = {1988},
  editor    = {E.~N. Houstis and T.~S. Papatheodorou and C.~D. Polychronopoulos},
  series    = {LNCS 297},
  pages     = {\mbox{278--293}},
}

@Article{Fea91,
  author  = {Paul Feautrier},
  title   = {Dataflow Analysis of Array and Scalar References},
  journal = PP,
  year    = {1991},
  volume  = {20},
  number  = {1},
  pages   = {23--53},
  month   = feb,
}

@InProceedings{Anc90,
  author    = {C. Ancourt},
  title     = {Code Generation for Data Movements in Hierarchical Memory Machines},
  booktitle = {Int.\ Workshop on Compilers for Parallel Computers},
  year      = {1990},
  pages     = {\mbox{91--102}},
  month     = dec,
}

@Article{Dow90,
  author    = {M. L. Dowling},
  title     = {Optimal Code Parallelization Using Unimodular Transformations},
  journal   = PC,
  year      = {1990},
  volume    = {16},
  number    = {\mbox{2--3}},
  pages     = {\mbox{157--171}},
  month     = dec,
  publisher = {Elsevier (North-Holland)},
}

@InProceedings{Fea88,
  author    = {Paul Feautrier},
  title     = {Array Expansion},
  booktitle = {Proc.\ Int.\ Conf.\ on Supercomputing (ICS'88)},
  year      = {1988},
  pages     = {\mbox{429--441}},
  publisher = {ACM Press},
}

@Article{PeirCy89,
  author  = {J. Peir and R. Cytron},
  title   = {Minimum Distance: A Method for Partitioning Recurrences for Mulitprocessors},
  journal = TC,
  year    = {1989},
  volume  = {\mbox{C-38}},
  number  = {8},
  pages   = {\mbox{1203--1211}},
  month   = aug,
}

@Book{Chv83,
  title     = {Linear Programming},
  publisher = {W.~H.\ Freeman},
  year      = {1983},
  author    = {V.~Chv{\'a}tal},
}

@Article{BacGr81,
  author  = {A. Bachem and M. {Gr\"{o}tschel}},
  title   = {Characterizations of Adjacency of Faces of Polyhedra},
  journal = {Mathematical Programming Study},
  year    = {1981},
  volume  = {14},
  pages   = {\mbox{1--22}},
  month   = jan,
}

@Misc{Pre92,
  author       = {D. D. Prest},
  title        = {Translation of Abstract Distributed Programs to {\sf occam~2}},
  howpublished = {4th-Year Report, Department of Computer Science, University of Edinburgh},
  month        = jun,
  year         = {1992},
}

@InProceedings{SHI91,
  author    = {T. Shimizu and T. Horie and H. Ishihata},
  title     = {Low-Latency Message Passing Communication Support for the {AP1000}},
  booktitle = {Proc.\ 19th Ann.\ Int.\ Symp.\ on Computer Architecture},
  year      = {1992},
  pages     = {\mbox{288--297}},
  publisher = {ACM Press},
}

@InCollection{ReeCh92,
  author    = {A. P. Reeves and C. M. Chase},
  title     = {The Paragon Programming Paradigm and Distributed Memory Multicomputers},
  booktitle = {Languages, Compilers and Run-Time Environments for Distributed Memory Machines},
  publisher = {Elsevier (North-Holland)},
  year      = {1992},
  editor    = {J. Saltz and P. Mehrotra},
  pages     = {\mbox{299-314}},
}

@Article{LiPin94,
  author  = {Wei Li and Keshav Pingali},
  title   = {A Singular Loop Transformation Framework Based on Non-Singular Matrices},
  journal = IJPP,
  year    = {1994},
  volume  = {22},
  number  = {2},
  pages   = {\mbox{183--205}},
  month   = apr,
}

@InProceedings{Cha92,
  author    = {Zbigniew Chamski},
  title     = {Scanning Polyhedra with {DO} Loop Sequences},
  booktitle = {Proc.\ Workshop on Parallel Architectures (WPA'92)},
  year      = {1992},
  editor    = {Blagovest C. Sendov and I. Dimov},
  publisher = {Elsevier (North-Holland)},
}

@InProceedings{Meg92b,
  author    = {G. M. Megson},
  title     = {Towards a Formal Model of Algorithmic Engineering},
  booktitle = {Proc.\ Workshop on Parallel Architectures (WPA'92)},
  year      = {1992},
  editor    = {Blagovest C. Sendov and I. Dimov},
  publisher = {Elsevier (North-Holland)},
}

@InProceedings{Xue92b,
  author    = {J. Xue},
  title     = {On the Loading, Recovery and Access of Stationary Data in Systolic Arrays},
  booktitle = {Parallel Processing : {CONPAR 92 -- VAPP V}},
  year      = {1992},
  editor    = {L. Boug\'{e} and M. Cosnard and Y. Robert and D. Trystram},
  series    = {LNCS 634},
  pages     = {\mbox{259--264}},
  publisher = {Springer-Verlag},
}

@Article{Xue92c,
  author  = {J. Xue},
  title   = {Specifying Control Signals for Systolic Arrays by Uniform Recurrence Equations},
  journal = PPL,
  year    = {1992},
  volume  = {1},
  number  = {2},
  pages   = {\mbox{83--93}},
}

@Article{MirWi84,
  author  = {W. L. Miranker and A. Winkler},
  title   = {Space-Time Representation of Computational Structures},
  journal = {Computing},
  year    = {1984},
  pages   = {\mbox{93--114}},
}

@InCollection{RTRK89,
  author    = {V. Roychowdhury and L. Thiele and S. K. Rao and T. Kailath},
  title     = {On the Localization of Algorithms for {VLSI} Processor Arrays},
  booktitle = {{VLSI} Signal Processing III},
  publisher = {IEEE Press},
  year      = {1988},
  editor    = {R.~Brodersen and H.~Moscovitz},
  pages     = {\mbox{459--470}},
}

@Article{SneSw89,
  author  = {J. {van de Snepscheut} and J. Swenker},
  title   = {On the Design of some Systolic Algorithms},
  journal = JACM,
  year    = {1989},
  volume  = {36},
  number  = {4},
  pages   = {\mbox{826--840}},
  month   = oct,
}

@Article{SheuTaiT91,
  author  = {J.-P. Sheu and T.-H. Tai},
  title   = {Partitioning and Mapping Nested Loops on Multiprocessor Systems},
  journal = TPDS,
  year    = {1991},
  volume  = {2},
  pages   = {\mbox{430--439}},
}

@InProceedings{Wol90,
  author    = {M. Wolfe},
  title     = {Massive Parallelism through Program Restructuring},
  booktitle = {Proc.\ IEEE Symp.\ on Frontiers of Massively Parallel Computation},
  year      = {1990},
  pages     = {\mbox{407--415}},
}

@InProceedings{CapSt84,
  author    = {P. R. Cappello and K. Steiglitz},
  title     = {Unifying {VLSI} Array Design with Linear Transformations of Space-Time},
  booktitle = {Advances in Computing Research, Vol.\ 2: {VLSI} Theory},
  year      = {1984},
  editor    = {F. P. Preparata},
  pages     = {\mbox{23--65}},
  publisher = {JAI Press},
}

@Article{Ban88b,
  author  = {U. Banerjee},
  title   = {An Introduction to a Formal Theory of Dependence Analysis},
  journal = JS,
  year    = {1988},
  volume  = {2},
  pages   = {133--149},
}

@InCollection{Ban90,
  author    = {U. Banerjee},
  title     = {A Theory of Loop Permutations},
  booktitle = {Languages and Compilers for Parallel Computing},
  publisher = {The MIT Press},
  year      = {1990},
  editor    = {Gelernter and Nicolau and Padua},
}

@Book{Ban93,
  title     = {Loop Transformations for Restructuring Compilers: The Foundations},
  publisher = {Kluwer},
  year      = {1993},
  author    = {Utpal Banerjee},
  series    = {Series on Loop Transformations for Restructuring Compilers},
}

@Book{Ban94,
  title     = {Loop Parallelization},
  publisher = {Kluwer},
  year      = {1994},
  author    = {Utpal Banerjee},
  series    = {Series on Loop Transformations for Restructuring Compilers},
}

@Book{Ban97,
  title     = {Dependence Analysis},
  publisher = {Kluwer},
  year      = {1997},
  author    = {Utpal Banerjee},
  series    = {Series on Loop Transformations for Restructuring Compilers},
}

@Article{Fea88b,
  author  = {Paul Feautrier},
  title   = {Parametric Integer Programming},
  journal = {Operations Research},
  year    = {1988},
  volume  = {22},
  number  = {3},
  pages   = {\mbox{243--268}},
}

@PhdThesis{Kuhn80,
  author = {R. H. Kuhn},
  title  = {Optimization and Interconnection Complexity for Parallel Processors, Single-Stage Networks and Decision Trees},
  school = {University of Illinois at Urbana-Champaign},
  year   = {1980},
}

@InCollection{Lev92,
  author    = {H. {Le Verge}},
  title     = {Reduction Operators in {\sc Alpha}},
  booktitle = {Parallel Architectures and Languages Europe (PARLE '92)},
  publisher = SV,
  year      = {1992},
  editor    = {D. Etiemble and J.-C. Syre},
  series    = {LNCS 605},
  pages     = {\mbox{397--410}},
}

@Book{QuiRo90,
  title     = {Systolic Algorithms and Architectures},
  publisher = PH,
  year      = {1990},
  author    = {Patrice Quinton and Yves Robert},
}

@InCollection{Thi92a,
  author    = {L. Thiele},
  title     = {{CAD} for Signal Processing Architectures},
  booktitle = {The State of the Art in Computer Systems and Software Engineering},
  publisher = {Kluwer},
  year      = {1992},
  editor    = {P. Dewilde},
  pages     = {\mbox{101--151}},
}

@Article{WonDe92b,
  author  = {Y. Wong and J.-M. Delosme},
  title   = {Optimization of Computation Time for Systolic Arrays},
  journal = TC,
  year    = {1992},
  volume  = {C--41},
  number  = {2},
  pages   = {\mbox{159--177}},
  month   = feb,
}

@InProceedings{WerFe90,
  author    = {M. R. Werth and P. Feautrier},
  title     = {A Systematic Approach to Program Transformations},
  booktitle = {Int.\ Workshop on Compilers for Parallel Computers},
  year      = {1990},
  editor    = {P. Feautrier and F. Irigoin},
  pages     = {\mbox{117--129}},
  publisher = {Ecole de Mines de Paris and Laboratoire MASI},
}

@Article{Thi91a,
  author  = {Lothar Thiele},
  title   = {On the Analysis and Optimization of Self-Timed Processor Arrays},
  journal = {INTEGRATION},
  year    = {1991},
  volume  = {12},
  number  = {2},
  pages   = {\mbox{167--187}},
}

@InCollection{BuDep91,
  author    = {J. Bu and E. F. Deprettere},
  title     = {Processor Clustering for the Design of Optimal Fixed-Size Systolic Arrays},
  booktitle = {Algorithms and Parallel {VLSI}-Architectures},
  publisher = {Elsevier (North-Holland)},
  year      = {1991},
  editor    = {E. F. Deprettere and A.-J. {van der Veen}},
  volume    = {A},
  pages     = {\mbox{341--362}},
}

@Article{LiCh91,
  author  = {Jingke Li and Marina C. Chen},
  title   = {The Data Alignment Phase in Compiling Programs for Distributed Memory Machines},
  journal = JPDC,
  year    = {1991},
  volume  = {13},
  number  = {2},
  pages   = {\mbox{213--221}},
  month   = oct,
}

@Article{RamSa91,
  author  = {J. Ramanujam and P. Sadayappan},
  title   = {Compile-Time Techniques for Data Distribution in Distributed Memory Machines},
  journal = TPDS,
  year    = {1991},
  volume  = {2},
  number  = {4},
  pages   = {\mbox{472--482}},
}

@Article{RobSo92,
  author  = {Y. Robert and S. W. Song},
  title   = {Revisiting Cycle Shrinking},
  journal = PC,
  year    = {1992},
  volume  = {18},
  pages   = {\mbox{481--496}},
}

@TechReport{Fea90,
  author      = {P. Feautrier and N. Tawbi},
  title       = {R\'{e}solution de syst\`{e}mes d'in\'{e}quations lin\'{e}aires; mode d'emploi du logiciel {PIP}},
  institution = {Laboratoire MASI, Institut Blaise Pascal, Universit{\'e} de Versailles St.-Quentin},
  year        = {1990},
  number      = {IBP-MASI/90.2},
  month       = {jan},
}

@InCollection{Chen91,
  author    = {Marina C. Chen and {Young-il} Choo and Jingke Li},
  title     = {Crystal: Theory and Pragmatics of Generating Efficient Parallel Code},
  booktitle = {Parallel Functional Languages and Compilers},
  publisher = {ACM Press},
  year      = {1991},
  editor    = {Boleslaw K. Szymanski},
  series    = {Frontier Series},
  chapter   = {7},
}

@Article{TeiTh93a,
  author  = {J�rgen Teich and Lothar Thiele},
  title   = {Partitioning of processor arrays: A piecewise regular approach},
  journal = {INTEGRATION},
  year    = {1993},
  volume  = {14},
  number  = {3},
  pages   = {\mbox{297--332}},
}

@InCollection{HelDe93,
  author    = {P. Held and E. F. Deprettere},
  title     = {{HiFi}: From Parallel Algorithm to Fixed-Size {VLSI} Processor Array},
  booktitle = {Application-Driven Architecture Synthesis},
  publisher = {Kluwer},
  year      = {1993},
  editor    = {F. Catthoor and L. Svensson},
  pages     = {\mbox{71--92}},
}

@PhdThesis{Hoev92,
  author = {A. {van der Hoeven}},
  title  = {Concepts and Implementation of a Design System for Digital Signal Processing},
  school = {Department of Electrical Engineering, Delft University of Technology},
  year   = {1992},
  month  = oct,
}

@Book{GarJo79,
  title     = {Computers and Intractability},
  publisher = {W. H. Freeman \& Co.},
  year      = {1979},
  author    = {M. R. Garey and D. S. Johnson},
}

@Article{Raj93a,
  author  = {V. M. Lo and S. Rajopadhye and M. A. Mohamed and S. Gupta and D. Keldsen and W. Nitzberg and J. Telle and X. Zhong},
  title   = {{LaRCS}: A Language for Describing Parallel Computations},
  journal = TPDS,
  year    = {1993},
  note    = {In press},
}

@Article{Raj91,
  author  = {V. M. Lo and S. Rajopadhye and S. Gupta and D. Keldse and M. A. Mohamed and J. Telle},
  title   = {{OREGAMI:} Software Tools for Mapping Parallel Algorithms to Parallel Architectures},
  journal = PP,
  year    = {1991},
  volume  = {20},
  month   = jun,
}

@InProceedings{Raj93b,
  author       = {S. V. Rajopadhye and M. Muddarangegowda},
  title        = {Parallel Assignment, Reduction and Communication},
  booktitle    = {Proc.\ {SIAM} Conference on Parallel Processing for Scientific Computing},
  year         = {1993},
  pages        = {\mbox{849--853}},
  organization = {SIAM},
}

@TechReport{Raj93c,
  author      = {S. V. Rajopadhye},
  title       = {LACS: A Language for Affine Communication Structures},
  institution = {IRISA},
  year        = {1993},
  number      = {712},
  month       = apr,
}

@InProceedings{Lu91,
  author    = {L. Lu},
  title     = {A Unified Framework for Systematic Loop Transformations},
  booktitle = PPoPP,
  year      = {1991},
  pages     = {\mbox{28--38}},
  publisher = {ACM Press},
}

@Article{Dho92,
  author  = {E. H. D'Hollander},
  title   = {Partitioning and Labeling of Loops by Unimodular Transformations},
  journal = TPDS,
  year    = {1992},
  volume  = {3},
  number  = {4},
  pages   = {\mbox{465--476}},
  month   = jul,
}

@InProceedings{CheSh93,
  author    = {Z. Chen and W. Shang},
  title     = {Mapping of Uniform Dependence Algorithm onto Fixed Size Processor Arrays},
  booktitle = {Proc.\ 7th Int.\ Parallel Processing Symposium},
  year      = {1993},
  pages     = {\mbox{804--809}},
}

@InProceedings{Ram92,
  author    = {J. Ramanujam},
  title     = {Non-Unimodular Transformations of Nested Loops},
  booktitle = {Proc.\ Supercomputing '92},
  year      = {1992},
  pages     = {\mbox{214--223}},
  publisher = IEEECS,
}

@InProceedings{SLF92,
  author   = {A. Suarez and J. M. Llaberia and A. Fernandez},
  title    = {Scheduling Partitions in Systolic Algorithms},
  year     = {1992},
  pages    = {\mbox{619--633}},
  bootitle = {Proc.\ ASAP},
}

@InCollection{Jon94a,
  author    = {C. B. Jones},
  title     = {Process Algebra Arguments about an Object-Based Design Notation},
  booktitle = {Festschrift for Tony Hoare},
  publisher = {Prentice-Hall},
  year      = {1994},
  editor    = {A. W. Roscoe},
  note      = {To appear},
}

@Article{QuiRo92,
  author  = {P. Quinton and Y. Robert},
  title   = {Systolic Convolution of Arithmetic Functions},
  journal = TCS,
  year    = {1992},
  volume  = {95},
  pages   = {\mbox{207--229}},
}

@TechReport{CFR93,
  author      = {J.-F. Collard and P. Feautrier and T. Risset},
  title       = {Construction of {DO} Loops from Systems of Affine Constraints},
  institution = {Laboratoire de l'Informatique du Parall\'{e}lisme, Ecole Normale Sup{\'e}rieure de Lyon},
  year        = {1993},
  number      = {93-15},
  month       = may,
  note        = {To appear in {\it Parallel Processing Letters}},
}

@InCollection{DRR93,
  author    = {A. Darte and T. Risset and Y. Robert},
  title     = {Loop Nest Scheduling and Transformations},
  booktitle = {Environments and Tools for Parallel Scientific Computing},
  publisher = NH,
  year      = {1993},
  editor    = {J.~J. Dongarra and B. Tourancheau},
  volume    = {6},
  series    = {Advances in Parallel Computing},
  pages     = {\mbox{309--332}},
}

@Article{Fea92a,
  author  = {Paul Feautrier},
  title   = {Some Efficient Solutions to the Affine Scheduling Problem. {Part~I.} {One}-Dimensional Time},
  journal = IJPP,
  year    = {1992},
  volume  = {21},
  number  = {5},
  pages   = {313--348},
}

@Article{Fea92b,
  author  = {Paul Feautrier},
  title   = {Some Efficient Solutions to the Affine Scheduling Problem. {Part~II.} {Multidimensional} Time},
  journal = IJPP,
  year    = {1992},
  volume  = {21},
  number  = {6},
  pages   = {389--420},
}

@InCollection{FGLS90,
  author    = {P. Frison and E. Gautrin and D. Lavenier and J. L. Scharbarg},
  title     = {Designing Specific Systolic Arrays with the {API15C} Chip},
  booktitle = {Application Specific Array Processors},
  publisher = IEEECS,
  year      = {1990},
  editor    = {S.~Y. Kung and E.~E. Swartzlander},
  pages     = {\mbox{505--517}},
}

@Article{Xue94b,
  author  = {Jingling Xue},
  title   = {Automating Non-Unimodular Transformations of Loop Nests},
  journal = PC,
  year    = {1994},
  volume  = {20},
  number  = {5},
  pages   = {711--728},
  month   = may,
}

@InProceedings{Xue94a,
  author    = {J.~Xue},
  title     = {A new formulation of mapping conditions for the synthesis of linear systolic arrays},
  booktitle = ICASAP,
  year      = {1993},
  editor    = {L.~Dadda and B.~W.~Wah},
  pages     = {\mbox{297--308}},
  publisher = IEEECS,
}

@InProceedings{Wich93,
  author    = {F. Wichmann},
  title     = {An Experimental Parallelizing Systolic Compiler for Regular Programs},
  booktitle = {Proc.\ Working Conference on Massively Parallel Programming Models},
  year      = {1993},
  publisher = {IEEE},
}

@InProceedings{ColFe93,
  author    = {J.-F. Collard and P. Feautrier},
  title     = {Automatic Generation of Data Parallel Code},
  booktitle = {Proc.\ Fourth International Workshop on Compilers for Parallel Computers},
  year      = {1993},
  editor    = {H.~J. Sips},
  pages     = {\mbox{321--332}},
  month     = dec,
}

@InProceedings{Col94a,
  author    = {J.-F. Collard},
  title     = {Code Generation in Automatic Parallelizers},
  booktitle = {Proc.\ Int.\ Conf.\ on Applications in Parallel and Distributed Computing, IFIP W.G.~10.3},
  year      = {1994},
  editor    = {C. Girault},
  pages     = {\mbox{185--194}},
  month     = apr,
  publisher = {North-Holland},
}

@InProceedings{Col94b,
  author    = {J.-F. Collard},
  title     = {Space-Time Transformation of While-Loops using Speculative Execution},
  booktitle = {Proc.\ 1994 Scalable High Performance Computing Conf.},
  year      = {1994},
  pages     = {429--436},
  month     = may,
  publisher = IEEECS,
}

@Article{Col95,
  author  = {Jean-Fran\c{c}ois Collard},
  title   = {Automatic Parallelization of {\tt while}-Loops using Speculative Execution},
  journal = ijpp,
  year    = {1995},
  volume  = {23},
  number  = {2},
  pages   = {\mbox{191--219}},
}

@Article{SHL92,
  author  = {M. D. Smith and M. A. Horowitz and M. S. Lam},
  title   = {Efficient Superscalar Performance through Boosting},
  journal = SIGPLAN,
  year    = {1992},
  volume  = {27},
  number  = {9},
  pages   = {\mbox{248--259}},
  month   = sep,
}

@Article{BonDy89,
  author  = {John P. Bonomo and Wayne R. Dykson},
  title   = {Pipelined Iterative Methods for Shared-Memory Machines},
  journal = PC,
  year    = {1989},
  volume  = {11},
  pages   = {187--199},
}

@TechReport{Col94c,
  author      = {J.-F. Collard},
  title       = {A Method for Static Scheduling of Dynamic Control Programs},
  institution = {Laboratoire de l'Informatique du Parall\'{e}lisme, Ecole Normale Sup{\'e}rieure de Lyon},
  year        = {1994},
  number      = {94-34},
  month       = dec,
}

@TechReport{RauPa94b,
  author      = {L. Rauchwerger and D. Padua},
  title       = {The privatizing {DOALL} test: a run-time technique for {DOALL} loop identification and array privatization},
  institution = {CSRD},
  year        = {1994},
  number      = {TR-1329},
}

@InProceedings{SDPMBW91,
  author    = {J. Saltz and R. Das and R. Ponnusamy and D. Mavriplis and H. Berryman and J. Wu},
  title     = {Parti Procedures for Realistic Loops},
  booktitle = {Proc.\ Sixth Distributed Memory Computing Conf.},
  year      = {1991},
  editor    = {IEEE Computer Society Press},
  pages     = {67--74},
  address   = {Portland, Oregon},
  month     = May,
}

@InProceedings{CBF95,
  author      = {Jean-Fran\c{c}ois Collard and Denis Barthou and Paul Feautrier},
  title       = {Fuzzy Array Dataflow Analysis},
  booktitle   = {Proc.\ 5th {ACM} {SIGPLAN} Symp.\ on Principles \& Practice of Parallel Programming (PPoPP'93)},
  year        = {1995},
  pages       = {92--102},
  month       = jul,
  publisher   = {ACM Press},
  rem_address = {Santa Barbara, CA},
  rem_note    = {Earlier version: Technical Report TR94-24, Laboratoire de l'Informatique du Parall\'{e}lisme, Ecole Normale Sup{\'e}rieure de Lyon, July 1994},
}

@MastersThesis{Gel91,
  author = {W. M. A. Gelil},
  title  = {Pyramidal Algorithms on a Distributed Processor Network},
  school = {Department of Computer Science, University of Edinburgh},
  year   = {1991},
  month  = sep,
}

@InProceedings{ArvSm92,
  author    = {D. K. Arvind and C. R. Smart},
  title     = {Hierarchical Parallel Discrete Event Simulation in Composite {ELSA}},
  booktitle = {6th ACM/IEEE/SCS Workshop on Parallel and Distributed Simulation},
  year      = {1992},
  pages     = {\mbox{147--156}},
}

@Article{VioPe92,
  author  = {Eric Violard and Guy-Ren{{\'e}} Perrin},
  title   = {{PEI}: A Language and its Refinement Calculus for Parallel Programming},
  journal = PC,
  year    = {1992},
  volume  = {18},
  pages   = {\mbox{1167--1184}},
}

@Article{Viol94,
  author  = {Eric Violard},
  title   = {A Mathematical Theory and its Environment for Parallel Programming},
  journal = PPL,
  year    = {1994},
  volume  = {4},
  number  = {3},
  pages   = {\mbox{313--328}},
}

@InCollection{VioPe94,
  author    = {Eric Violard and Guy-Ren{{\'e}} Perrin},
  title     = {Reduction in {{\sc Pei}}},
  booktitle = {Parallel Processing: CONPAR 94 -- VAPP VI},
  publisher = {Springer-Verlag},
  year      = {1994},
  editor    = {B.~Buchberger and J.~Volkert},
  series    = {LNCS 854},
  pages     = {\mbox{112--123}},
}

@Article{Vio94,
  author  = {Eric Violard},
  title   = {A Mathematical Theory and its Environment for Parallel Programming},
  journal = PPL,
  year    = {1994},
  volume  = {4},
  number  = {3},
  pages   = {\mbox{313--328}},
}

@InCollection{GriCo95,
  author    = {Martin Griebl and Jean-Fran\c{c}ois Collard},
  title     = {Generation of Synchronous Code for Automatic Parallelization of {\tt while} Loops},
  booktitle = {{EURO-PAR'95}: Parallel Processing},
  publisher = SV,
  year      = {1995},
  editor    = {Seif Haridi and Khayri Ali and Peter Magnusson},
  series    = {LNCS 966},
  pages     = {315--326},
}

@Book{Quinn94,
  title     = {Parallel Computing},
  publisher = {McGraw-Hill},
  year      = {1994},
  author    = {Michael J. Quinn},
}

@Book{Lei92,
  title     = {Introduction to Parallel Algorithms and Architectures: Arrays, Trees, Hypercubes},
  publisher = {Morgan Kaufmann},
  year      = {1992},
  author    = {F. Thomson Leighton},
}

@Article{GDJ94,
  author  = {J. Gosh and S. Das and A. John},
  title   = {Concurrent Processing of Linearly Ordered Data Structures on Hypercube Multicomputers},
  journal = TPDS,
  year    = {1994},
  volume  = {5},
  number  = {9},
  pages   = {\mbox{898--911}},
  month   = sept,
}

@InCollection{Lam94,
  author    = {Monica Lam},
  title     = {Locality Optimizations for Parallel Machines},
  booktitle = {Parallel Processing: CONPAR 94 -- VAPP VI},
  publisher = SV,
  year      = {1994},
  editor    = {Bruno Buchberger and Jens Volkert},
  series    = {LNCS 854},
  pages     = {17--28},
}

@Article{DarRo94,
  author  = {Alain Darte and Yves Robert},
  title   = {Constructive Methods for Scheduling Uniform Loop Nests},
  journal = TPDS,
  year    = {1994},
  volume  = {5},
  number  = {8},
  pages   = {814--822},
  month   = aug,
}

@TechReport{Tiny1,
  author      = {M.~Wolfe},
  title       = {Experiences with Data Dependence and Loop Restructuring in the Tiny Research Tool},
  institution = {Department of Computer Science and Engineering, Oregon Graduate Institute of Science \& Technology},
  year        = {1990},
  number      = {90-016},
}

@InProceedings{RauPa95a,
  author    = {Lawrence Rauchwerger and David Padua},
  title     = {Parallelizing While Loops for Multiprocessor Systems},
  booktitle = {Proc.\ 9th Int.\ Parallel Programming Symposium (IPPS'95)},
  year      = {1995},
  pages     = {347--355},
  publisher = IEEECS,
}

@InProceedings{Suif,
  author    = {Robert P. Wilson and Robert S. French and Christopher S. Wilson and Saman P.~Amarasinghe and Jennifer M. Anderson and Steve W. K. Tjiang and Shih-Wei Liao and Chau-Wen Tseng and Mary W. Hall and Monica S. Lam and John L. Hennessy},
  title     = {{SUIF}: An Infrastructure for Research on Parallelizing and Optimizing Compilers},
  booktitle = {Proc.\ Fourth {ACM} {SIGPLAN} Symp.\ on Principles \& Practice of Parallel Programming (PPoPP)},
  year      = {1994},
  pages     = {\mbox{31--37}},
  publisher = {ACM Press},
  note      = {{\sf http://suif.stanford.edu/suif/}},
}

@TechReport{Bouclettes,
  author      = {P.~Boulet and M.~Dijon and E.~Lequiniou and T.~Risset},
  title       = {Reference Manual of the {B}ouclettes Parallelizer},
  institution = {Laboratoire de l'Informatique du Parall\'{e}lisme, Ecole Normale Sup{\'e}rieure de Lyon},
  year        = {1994},
  number      = {94-04},
  month       = oct,
  note        = {{\sf http://www.prism.uvsq.fr/public/bop/base/bclt/bouclettes.html}},
}

@InProceedings{KauShaHua92,
  author    = {S. D. Kaushik and S. Sharma and C.-H. Huang and J. R. Johnson and R. W. Johnson and P. Sadayappan},
  title     = {An Algebraic Theory for Modeling Direct Interconnection Networks},
  booktitle = {Supercomputing '92},
  year      = {1992},
  pages     = {\mbox{488--497}},
  publisher = {IEEE Computer Society Press},
}

@Book{Wol95,
  title     = {High Performance Compilers for Parallel Computing},
  publisher = AW,
  year      = {1995},
  author    = {Michael Wolfe},
}

@InProceedings{AS95,
  author    = {Klaus Achatz and Wolfram Schulte},
  title     = {Architecture Independent Massive Parallelization of Divide-and-Conquer Algorithms},
  booktitle = {Mathematics of Program Construction (MPC'95)},
  year      = {1995},
  editor    = {Bernhard M{\"o}ller},
  series    = {LNCS 947},
  pages     = {\mbox{97--127}},
  publisher = SV,
}

@Article{AS96,
  author  = {Klaus Achatz and Wolfram Schulte},
  title   = {Massive Parallelization of Divide-and-Conquer Algorithms over Powerlists},
  journal = SCP,
  year    = {1996},
  volume  = {26},
  number  = {\mbox{1--3}},
  pages   = {\mbox{59--78}},
  month   = may,
}

@InCollection{RapMe95a,
  author    = {Lucia Rapanotti and Graham M. Megson},
  title     = {Uniformisation Techniques for Reducible Integral Recurrence Equations},
  booktitle = {Algorithms and Parallel VLSI Architectures III},
  publisher = {Elsevier (North-Holland)},
  year      = {1995},
  editor    = {Marc Moonen},
  pages     = {\mbox{283--294}},
}

@InCollection{RapMe95b,
  author    = {Graham M.~Megson and Lucia Rapanotti},
  title     = {Regularising Transformations for Integral Dependences},
  booktitle = {Parallel Algorithms for Irregular Problems: State of the Art},
  publisher = {Kluwer},
  year      = {1995},
  editor    = {Afonso Ferreira and Jos\'e D. P. Rolim},
  chapter   = {15},
  pages     = {\mbox{297--322}},
}

@Book{Meg92a,
  title     = {An Introduction to Systolic Algorithm Design},
  publisher = {Claredon Press},
  year      = {1992},
  author    = {Graham M. Megson},
}

@Book{MegCh97,
  title     = {Automatic Parallelization for a Class of Regular Computations},
  publisher = WS,
  year      = {1997},
  author    = {Graham M. Megson and Xian Chen},
}

@PhdThesis{Lain96,
  author = {A. Lain},
  title  = {Compiler and Run-Time Support for Irregular Computations},
  school = {Department of Computer Science, University of Illinois at Urbana-Champaign},
  year   = {1996},
}

@Article{KMS95,
  author  = {P. J. Kyees and R. C. {McConnell} and K. Sistanizadeh},
  title   = {{ADSL}: A New Twisted-Pair Access to the Information Highway},
  journal = {IEEE Communications Magazine},
  year    = {1995},
  month   = apr,
}

@TechReport{DaVi94,
  author      = {Alain Darte and Fr{\'e}d{\'e}ric Vivien},
  title       = {Automatic Parallelization Based on Multi-Dimensional Scheduling},
  institution = {Laboratoire de l'Informatique du Parall\'{e}lisme, Ecole Normale Sup\'{e}rieure de Lyon},
  year        = {1994},
  number      = {94-24},
  month       = sep,
}

@Book{Zeh96,
  title     = {Entwurf systolischer {S}ysteme},
  publisher = {Teubner},
  year      = {1996},
  author    = {Eberhard Zehendner},
  series    = {Teubner-Texte zur Informatik 16},
}

@InProceedings{Kin94,
  author    = {Stephan Kindermann},
  title     = {Flexible Program and Architecture Specification for Massively Parallel Systems},
  booktitle = {Parallel Processing: CONPAR 94 -- VAPP VI},
  year      = {1994},
  editor    = {B. Buchberger and J. Volkert},
  series    = {LNCS 854},
  pages     = {\mbox{160--171}},
  publisher = SV,
}

@InProceedings{BalAL93,
  author    = {D. G. Baltus and J. Allen},
  title     = {Efficient Exploration of Nonuniform Space-Time Transformations for Optimal Systolic Array Synthesis},
  booktitle = {Proc.\ Int.\ Conf.\ Application Specific Array Processors (ASAP'93)},
  year      = {1993},
  editor    = {L. Dadda and B. Wah},
  pages     = {\mbox{428--441}},
  publisher = IEEECS,
}

@InCollection{Fea96,
  author    = {Paul Feautrier},
  title     = {Automatic Parallelization in the Polytope Model},
  booktitle = {The Data Parallel Programming Model},
  publisher = SV,
  year      = {1996},
  editor    = {Guy-Ren{\'e} Perrin and Alain Darte},
  series    = {LNCS 1132},
  pages     = {\mbox{79--103}},
}

@InProceedings{LoeMo96,
  author    = {Vincent Loechner and Cath{\'e}rine Mongenet},
  title     = {{OPERA}: A Toolbox for Loop Parallelization},
  booktitle = {Proc.\ 1st Int.\ Workshop on Software Engineering for Parallel and Distributed Systems},
  year      = {1996},
  editor    = {Innes Jelly and Ian Gorton and Peter Croll},
  pages     = {134--145},
  publisher = {Chapman \& Hall},
  note      = {{\sf http://icps.u-strasbg.fr/opera/}},
}

@TechReport{PIPS96,
  author      = {Corinne Ancourt and Fabien Coelho and B{\'e}atrice Creusillet and Fran\c{c}ois Irigoin and Pierre Jouvelot and Ronan Keryell},
  title       = {{PIPS}: A Framework for Building Interprocedural Compilers, Parallelizers and Optimizers},
  institution = {Centre de Recherche en Informatique, Ecole des Mines de Paris},
  year        = {1996},
  number      = {A/289},
  month       = apr,
  note        = {{\sf http://www.cri.ensmp.fr/\~{}pips/}},
}

@TechReport{DarVi96,
  author      = {Alain Darte and Fr{\'e}d{\'e}ric Vivien},
  title       = {Optimal Fine and Medium Grain Parallelism Detection in Polyhedral Reduced Dependence Graphs},
  institution = {Laboratoire de l'Informatique du Parall\'{e}lisme, Ecole Normale Sup\'{e}rieure de Lyon},
  year        = {1996},
  number      = {96-06},
  month       = apr,
}

@InCollection{DiRob95,
  author     = {Mich{\`e}le Dion and Yves Robert},
  title      = {Mapping Affine Loop Nests: New Results},
  booktitle  = {High-Performance Computing \& Networking (HPCN'95)},
  publisher  = sv,
  year       = {1995},
  editor     = {Bob Hertzberger and Giuseppe Serazzi},
  series     = {LNCS 919},
  pages      = {184--189},
  editorname = {Bob Hertzberger = Louis O. Hertzberger: http://carol.wins.uva.nl/~adam/people.html},
}

@MastersThesis{Gei97,
  author = {Max Geigl},
  title  = {Parallelization of Loop Nests with General Bounds in the Polyhedron Model},
  school = {Fakult{\"a}t f{\"u}r Mathematik und Informatik, Universit{\"a}t Passau},
  year   = {1997},
  month  = mar,
  note   = {\textsf{http://www.fmi.uni-passau.de/loopo/doc/geigl-d.ps.gz}},
}

@MastersThesis{Wet95,
  author = {Sabine Wetzel},
  title  = {Automatic Code Generation in the Polyhedron Model},
  school = {Fakult{\"a}t f{\"u}r Mathematik und Informatik, Universit{\"a}t Passau},
  year   = {1995},
  month  = nov,
  note   = {\textsf{http://www.fmi.uni-passau.de/loopo/doc/wetzel-d.ps.gz}},
}

@Article{Weispf97,
  author  = {Volker Weispfenning},
  title   = {Simulation and Optimization by Quantifier Elimination},
  journal = {J. Symbolic Computation},
  year    = {1997},
  volume  = {24},
  pages   = {189--208},
}

@Article{Plaks99b,
  author    = {Toomas P. Plaks},
  title     = {Efficient Mapping Reductions Using Iso-Planes on the Polytope Model},
  journal   = {Parallel Algortithms and Applications},
  year      = {1998},
  pages     = {\mbox{1--23}},
  note      = {To appear},
}

@Book{Plaks98,
  title     = {Piecewise Regular Arrays. Application-Specific Computations},
  publisher = {Gordon and Breach},
  year      = {1998},
  author    = {Toomas P. Plaks},
  series    = {Parallel Processing Series},
  note      = {To appear},
}

@Article{Plaks96,
  author  = {Toomas P.~Plaks},
  title   = {Mesh of Linear Arrays for Template Matching},
  journal = {Real-Time Imaging Journal},
  year    = {1996},
  volume  = {6},
  number  = {2},
  pages   = {\mbox{373--382}},
  month   = dec,
  note    = {Special Issue on Special Purpose Architectures for Real Time Imaging},
}

@InProceedings{Plaks99a,
  author    = {Toomas P. Plaks},
  title     = {Mapping Regular Algorithms onto Multilayered {3-D} Reconfigurable Processor Array},
  booktitle = {32nd Ann. Hawaii Int.\ Conf.\ on System Science (HICSS'99)},
  year      = {1999},
  publisher = IEEECS,
  note      = {To appear},
}

@InProceedings{Plaks93,
  author    = {Toomas P. Plaks},
  title     = {High-Speed Matrix Processor for Embedded Systems},
  booktitle = {Proc.\ Int.\ Workshop on Mechatronical Computer Systems for Perception and Action},
  year      = {1993},
  pages     = {\mbox{105--112}},
}

@InCollection{MRC96,
  author    = {Graham M. Megson and Lucia Rapanotti and Xian Chen},
  title     = {Automatic Synthesis of Parallel Algorithms},
  booktitle = {Solving Combinatorial Optimization Problems in Parallel},
  publisher = SV,
  year      = {1996},
  series    = {LNCS 1054},
  pages     = {\mbox{51--87}},
}

@Article{MAD94,
  author  = {Graham M. Megson and V. N. Aleksandrov and I. T. Dimov},
  title   = {Systolic Matrix Inversion Using a {Monte Carlo} Method},
  journal = PAA,
  year    = {1994},
  volume  = {3},
  pages   = {\mbox{311--330}},
}

@InCollection{MegCo94,
  author    = {Graham M. Megson and D. Comish},
  title     = {Automatic Derivation of Systolic Algorithms for {Kalman} Filtering},
  booktitle = {Mathematics in Signal Processing {III}},
  publisher = {Oxford University Press},
  year      = {1994},
  editor    = {John G. McWhirter},
  pages     = {\mbox{51--63}},
}

@InCollection{VGP97,
  author    = {Eric Violard and St{\'e}phane Genaud and Guy-Ren{\'e} Perrin},
  title     = {Refinement of Data Parallel Programs in \textsc{Pei}},
  booktitle = {Algorithmic Languages and Calculi},
  publisher = {Chapman \& Hall},
  year      = {1997},
  editor    = {Richard Bird and Lambert Meertens},
  pages     = {107--131},
}

@InProceedings{IriTr88,
  author      = {Fran\c{c}ois Irigoin and Remi Triolet},
  title       = {Supernode Partitioning},
  booktitle   = {Proc.\ 15th Ann.\ ACM Symp. on Principles of Programming Languages (POPL'88)},
  year        = {1988},
  pages       = {319--329},
  month       = jan,
  publisher   = {ACM Press},
  confaddress = {San Diego, CA, USA},
}

@InProceedings{ARY98,
  author    = {Rumen Andonov and Sanjay Rajopadhye and Nicola Yanev},
  title     = {Optimal Orthogonal Tiling},
  booktitle = {Euro-Par'98: Parallel Processing},
  year      = {1998},
  editor    = {David Pritchard and Jeff Reeve},
  series    = {LNCS 1470},
  pages     = {480--490},
  publisher = SV,
}

@Article{RisRo91,
  author  = {Tanguy Risset and Yves Robert},
  title   = {Synthesis of Processor Arrays for the Algebraic Path Problem: Unifying Old Results and Deriving New Architectures},
  journal = PPL,
  year    = {1991},
  volume  = {1},
  number  = {1},
  pages   = {19--28},
  month   = sep,
}

@PhdThesis{Slowikdiss,
  author = {Adrian Slowik},
  title  = {Volume Driven Selection of Loop and Data Transformations for Cache-Coherent Parallel Processors},
  school = {Universit�t-Gesamthochschule Paderborn},
  year   = {1999},
}

@Booklet{Clausshabil,
  title        = {M\'ethodes poly\'edriques pour la parall\'elisation et l'optimisation des programmes},
  author       = {Philippe Clauss},
  howpublished = {Habilitation thesis, Universit{\'e} Louis Pasteur, Strasbourg},
  year         = {2000},
}

%Polylib

@TechReport{Wil93,
  author      = {Doran K. Wilde},
  title       = {A Library for doing Polyhedral Operations},
  institution = {IRISA},
  year        = {1993},
  number      = {785},
  month       = dec,
}

@Comment{jabref-meta: databaseType:bibtex;}
