% Encoding: UTF-8

@Book{Ban93,
  author    = {Banerjee, Utpal},
  title     = {Loop Transformations for Restructuring Compilers: The Foundations},
  year      = {2013},
  date      = {2013-03-20},
  note      = {ST 265 B215},
  publisher = {Springer},
  isbn      = {1475783507},
  pagetotal = {328},
  doi       = {10.1007/b102311},
  url       = {http://www.ebook.de/de/product/21521731/utpal_banerjee_loop_transformations_for_restructuring_compilers.html},
  ean       = {9781475783506},
}

@Book{Ban94,
  author    = {Banerjee, Utpal},
  title     = {Loop Parallelization},
  year      = {2010},
  date      = {2010-12-07},
  note      = {ST 265 B215 L8},
  publisher = {Springer},
  isbn      = {1441951415},
  pagetotal = {196},
  doi       = {10.1007/978-1-4757-5676-0},
  url       = {http://www.ebook.de/de/product/13415178/utpal_banerjee_loop_parallelization.html},
  ean       = {9781441951410},
}

@Book{Ban97,
  author    = {Banerjee, Utpal},
  title     = {Dependence Analysis},
  year      = {2013},
  date      = {2013-04-26},
  series    = {Series on Loop Transformations for Restructuring Compilers},
  publisher = {Springer},
  isbn      = {978-1-4757-8350-6},
  pagetotal = {236},
  url       = {http://www.ebook.de/de/product/21550293/utpal_banerjee_dependence_analysis.html},
  ean       = {9781475770582},
}

@Article{Fea91,
  author  = {Paul Feautrier},
  title   = {Dataflow Analysis of Array and Scalar References},
  journal = {Int.\ J.\ Parallel Programming},
  year    = {1991},
  volume  = {20},
  number  = {1},
  month   = feb,
  pages   = {23--53},
  doi     = {10.1007/bf01407931},
}

@InProceedings{Len93,
  author    = {Christian Lengauer},
  title     = {Loop Parallelization in the Polytope Model},
  booktitle = {CONCUR'93},
  year      = {1993},
  editor    = {E. Best},
  series    = {Lecture Notes in Computer Science 715},
  note      = {SS 4800. (\"Uber World-Wide Web erh\"altlich.)},
  publisher = {Springer-Verlag},
  pages     = {\mbox{398--416}},
  doi       = {10.1007/3-540-57208-2_28},
}

@Article{Pugh95a,
  author  = {William Pugh},
  title   = {A Practical Algorithm for Exact Array Dependence Analysis},
  journal = {Comm.\ ACM},
  year    = {1992},
  volume  = {35},
  number  = {8},
  month   = aug,
  pages   = {102--114},
  doi     = {10.1145/135226.135233},
}

@Book{Wol89,
  author    = {Michael Wolfe},
  title     = {Optimizing Supercompilers for Supercomputers},
  year      = {1989},
  series    = {Research Monographs in Parallel and Distributed Computing},
  publisher = {MIT Press},
  isbn      = {9780273088011},
}

@Book{Wol95,
  author    = {Wolfe, Michael},
  title     = {High-Performance Compilers for Parallel Computing},
  year      = {1995},
  date      = {1995-06-11},
  publisher = {ADDISON WESLEY PUB CO INC},
  isbn      = {0805327304},
  pagetotal = {500},
  url       = {http://www.ebook.de/de/product/4300622/michael_wolfe_high_performance_compilers_for_parallel_computing.html},
  ean       = {9780805327304},
}

@Book{Zima90,
  author    = {Hans Zima and Barbara Chapman},
  title     = {Supercompilers for Parallel and Vector Computers},
  year      = {1990},
  series    = {Frontier Series},
  publisher = {Addison-Wesley (ACM Press)},
  isbn      = {978-0201175608},
}

@Comment{jabref-meta: databaseType:biblatex;}
